trade_price,trade_volume,ask_bid,sequential_id,timestamp
22677000.0,0.00039687,0,1669420801203000,2022-11-26 00:00:01
22676000.0,0.23651983,1,1669420801697000,2022-11-26 00:00:01
22676000.0,0.0036813,1,1669420801630000,2022-11-26 00:00:01
22677000.0,0.00044097,0,1669420802956000,2022-11-26 00:00:02
22677000.0,0.00022048,0,1669420802910000,2022-11-26 00:00:02
22677000.0,0.00022048,0,1669420802418000,2022-11-26 00:00:02
22676000.0,0.00378227,1,1669420803552000,2022-11-26 00:00:03
22677000.0,0.00022048,0,1669420803935000,2022-11-26 00:00:03
22676000.0,0.35132405,1,1669420803427000,2022-11-26 00:00:03
22677000.0,0.00044097,0,1669420803118000,2022-11-26 00:00:03
22677000.0,0.00066146,0,1669420804854000,2022-11-26 00:00:04
22677000.0,0.0094071,0,1669420804178000,2022-11-26 00:00:04
22677000.0,0.00024252,0,1669420805840000,2022-11-26 00:00:05
22677000.0,0.00066146,0,1669420805769000,2022-11-26 00:00:05
22676000.0,0.00099199,1,1669420805448000,2022-11-26 00:00:05
22676000.0,0.0028023,1,1669420807755000,2022-11-26 00:00:07
22676000.0,0.04186707,1,1669420807338000,2022-11-26 00:00:07
22676000.0,0.00850552,1,1669420807247000,2022-11-26 00:00:07
22677000.0,0.03144507,0,1669420810721000,2022-11-26 00:00:10
22677000.0,0.00899999,0,1669420810669000,2022-11-26 00:00:10
22677000.0,0.22431378,0,1669420812949000,2022-11-26 00:00:12
22677000.0,0.00034423,0,1669420813150000,2022-11-26 00:00:13
22676000.0,0.00088975,1,1669420813177000,2022-11-26 00:00:13
22676000.0,0.02762381,1,1669420813218000,2022-11-26 00:00:13
22677000.0,0.0148,0,1669420815181000,2022-11-26 00:00:15
22677000.0,0.00382765,0,1669420816181004,2022-11-26 00:00:16
22677000.0,0.11868543,0,1669420816181005,2022-11-26 00:00:16
22689000.0,0.00055309,0,1669420816181007,2022-11-26 00:00:16
22692000.0,0.01076219,0,1669420816181008,2022-11-26 00:00:16
22677000.0,0.03589903,0,1669420816181006,2022-11-26 00:00:16
22699000.0,0.0008811,0,1669420816181010,2022-11-26 00:00:16
22695000.0,0.02420261,0,1669420816181011,2022-11-26 00:00:16
22698000.0,0.334,0,1669420816181012,2022-11-26 00:00:16
22698000.0,0.003,0,1669420816836000,2022-11-26 00:00:16
22698000.0,0.04109817,0,1669420816181009,2022-11-26 00:00:16
22676000.0,0.23383994,1,1669420818930000,2022-11-26 00:00:18
22676000.0,0.00309184,1,1669420821565000,2022-11-26 00:00:21
22676000.0,0.02296267,1,1669420821506000,2022-11-26 00:00:21
22676000.0,0.06498161,1,1669420823183000,2022-11-26 00:00:23
22676000.0,0.08890858,1,1669420824703000,2022-11-26 00:00:24
22676000.0,0.00968323,1,1669420827552000,2022-11-26 00:00:27
22676000.0,0.01322985,1,1669420831741000,2022-11-26 00:00:31
22698000.0,0.00106661,0,1669420833310000,2022-11-26 00:00:33
22676000.0,0.06965885,1,1669420836861000,2022-11-26 00:00:36
22676000.0,0.00867582,1,1669420836043000,2022-11-26 00:00:36
22676000.0,0.02966281,1,1669420837210000,2022-11-26 00:00:37
22698000.0,0.00022028,0,1669420839449000,2022-11-26 00:00:39
22676000.0,0.08984947,1,1669420841989000,2022-11-26 00:00:41
22676000.0,0.00905268,1,1669420843012000,2022-11-26 00:00:43
22676000.0,0.02087142,1,1669420845216000,2022-11-26 00:00:45
22696000.0,0.01271161,0,1669420846477000,2022-11-26 00:00:46
22676000.0,0.11054304,1,1669420846461000,2022-11-26 00:00:46
22696000.0,0.00499735,0,1669420847513000,2022-11-26 00:00:47
22676000.0,0.01777602,1,1669420850768000,2022-11-26 00:00:50
22676000.0,0.00434079,1,1669420851525000,2022-11-26 00:00:51
22676000.0,0.00088421,1,1669420852766000,2022-11-26 00:00:52
22676000.0,0.00088421,1,1669420854030000,2022-11-26 00:00:54
22694000.0,0.00118816,0,1669420854203000,2022-11-26 00:00:54
22676000.0,0.00867969,1,1669420854115000,2022-11-26 00:00:54
22676000.0,0.02618539,1,1669420857008000,2022-11-26 00:00:57
22694000.0,5.387e-05,1,1669420858540000,2022-11-26 00:00:58
22694000.0,0.0205,1,1669420858476000,2022-11-26 00:00:58
22694000.0,0.06261882,0,1669420858382000,2022-11-26 00:00:58
22676000.0,0.01701,1,1669420859096000,2022-11-26 00:00:59
22676000.0,0.11224496,1,1669420859248000,2022-11-26 00:00:59
22676000.0,0.01160743,1,1669420861769000,2022-11-26 00:01:01
22693000.0,0.00044066,0,1669420861344000,2022-11-26 00:01:01
22693000.0,0.01448342,0,1669420862282000,2022-11-26 00:01:02
22693000.0,0.0011252,0,1669420862808000,2022-11-26 00:01:02
22695000.0,0.00066093,0,1669420862863000,2022-11-26 00:01:02
22695000.0,0.08094072,0,1669420862808001,2022-11-26 00:01:02
22693000.0,0.01712,0,1669420866306001,2022-11-26 00:01:06
22694000.0,0.00490124,0,1669420866306000,2022-11-26 00:01:06
22693000.0,0.00684786,0,1669420870279000,2022-11-26 00:01:10
22693000.0,0.0142155,0,1669420872139001,2022-11-26 00:01:12
22693000.0,0.14128102,0,1669420872139000,2022-11-26 00:01:12
22678000.0,0.0301998,1,1669420873169000,2022-11-26 00:01:13
22693000.0,0.01321993,0,1669420875710000,2022-11-26 00:01:15
22692000.0,0.00433342,0,1669420878532000,2022-11-26 00:01:18
22678000.0,0.00978799,1,1669420880192000,2022-11-26 00:01:20
22678000.0,0.01166371,1,1669420881786000,2022-11-26 00:01:21
22678000.0,0.0029,1,1669420885774003,2022-11-26 00:01:25
22678000.0,0.00220478,1,1669420885774002,2022-11-26 00:01:25
22678000.0,0.0005778,1,1669420885774001,2022-11-26 00:01:25
22678000.0,0.00937129,1,1669420885774000,2022-11-26 00:01:25
22678000.0,0.0050961,1,1669420885706000,2022-11-26 00:01:25
22676000.0,0.43958256,1,1669420888505018,2022-11-26 00:01:28
22676000.0,0.02160874,1,1669420888505019,2022-11-26 00:01:28
22676000.0,0.00440774,1,1669420888505016,2022-11-26 00:01:28
22676000.0,0.00203962,1,1669420888505017,2022-11-26 00:01:28
22676000.0,0.01327982,1,1669420888505020,2022-11-26 00:01:28
22676000.0,0.00063944,1,1669420888505021,2022-11-26 00:01:28
22676000.0,0.02204974,1,1669420888505022,2022-11-26 00:01:28
22676000.0,0.00132298,1,1669420888505023,2022-11-26 00:01:28
22676000.0,0.04409948,1,1669420888505024,2022-11-26 00:01:28
22678000.0,0.00088191,0,1669420888792000,2022-11-26 00:01:28
22678000.0,0.00954183,0,1669420889505001,2022-11-26 00:01:29
22678000.0,0.03295817,0,1669420889505000,2022-11-26 00:01:29
22676000.0,0.01434114,1,1669420890587000,2022-11-26 00:01:30
22676000.0,0.00044099,1,1669420891380000,2022-11-26 00:01:31
22676000.0,0.00220387,1,1669420891380001,2022-11-26 00:01:31
22676000.0,0.00043257,1,1669420891380002,2022-11-26 00:01:31
22676000.0,0.09297964,1,1669420891380003,2022-11-26 00:01:31
22676000.0,0.00330527,1,1669420891380005,2022-11-26 00:01:31
22676000.0,0.00088198,1,1669420891380006,2022-11-26 00:01:31
22676000.0,0.00088198,1,1669420891380007,2022-11-26 00:01:31
22676000.0,0.00440994,1,1669420891380008,2022-11-26 00:01:31
22676000.0,0.62546376,1,1669420891380004,2022-11-26 00:01:31
22678000.0,0.00935177,0,1669420892816001,2022-11-26 00:01:32
22677000.0,0.00663922,0,1669420892816000,2022-11-26 00:01:32
22676000.0,0.00088519,1,1669420892624000,2022-11-26 00:01:32
22676000.0,0.00088519,1,1669420893162000,2022-11-26 00:01:33
22676000.0,0.00534764,1,1669420893304000,2022-11-26 00:01:33
22676000.0,0.00872,1,1669420894995000,2022-11-26 00:01:34
22678000.0,0.00083781,0,1669420894151000,2022-11-26 00:01:34
22678000.0,0.00560014,0,1669420895721000,2022-11-26 00:01:35
22676000.0,0.00515584,1,1669420895488000,2022-11-26 00:01:35
22678000.0,0.00083781,0,1669420895087000,2022-11-26 00:01:35
22676000.0,0.03244232,1,1669420896035000,2022-11-26 00:01:36
22676000.0,0.01891206,1,1669420901291003,2022-11-26 00:01:41
22676000.0,0.00044099,1,1669420901291002,2022-11-26 00:01:41
22676000.0,0.04409948,1,1669420901291001,2022-11-26 00:01:41
22676000.0,0.11908418,1,1669420901291000,2022-11-26 00:01:41
22676000.0,0.02130947,1,1669420903103000,2022-11-26 00:01:43
22677000.0,0.00587579,1,1669420903103001,2022-11-26 00:01:43
22676000.0,0.08819897,1,1669420903654004,2022-11-26 00:01:43
22676000.0,0.00022479,1,1669420903654003,2022-11-26 00:01:43
22676000.0,0.0002366,1,1669420903654002,2022-11-26 00:01:43
22676000.0,0.00881989,1,1669420903654001,2022-11-26 00:01:43
22676000.0,0.00387795,1,1669420903654000,2022-11-26 00:01:43
22676000.0,0.00276,0,1669420904643000,2022-11-26 00:01:44
22675000.0,0.000223,1,1669420906601001,2022-11-26 00:01:46
22676000.0,0.01973682,0,1669420906442000,2022-11-26 00:01:46
22675000.0,0.00245464,1,1669420906601002,2022-11-26 00:01:46
22675000.0,0.00441014,1,1669420906601000,2022-11-26 00:01:46
22675000.0,0.02204585,1,1669420906601004,2022-11-26 00:01:46
22675000.0,0.03227993,1,1669420906601003,2022-11-26 00:01:46
22676000.0,0.00762447,0,1669420906606000,2022-11-26 00:01:46
22675000.0,0.00275174,1,1669420909174000,2022-11-26 00:01:49
22676000.0,0.08168002,0,1669420911110000,2022-11-26 00:01:51
22675000.0,0.01911977,1,1669420914128000,2022-11-26 00:01:54
22675000.0,0.04347296,1,1669420914253000,2022-11-26 00:01:54
22676000.0,0.04024374,0,1669420915151000,2022-11-26 00:01:55
22675000.0,0.00789212,1,1669420915556000,2022-11-26 00:01:55
22675000.0,0.00220507,1,1669420917189000,2022-11-26 00:01:57
22675000.0,0.00022054,1,1669420917189002,2022-11-26 00:01:57
22675000.0,0.02982022,1,1669420917189001,2022-11-26 00:01:57
22674000.0,0.02477132,1,1669420918370001,2022-11-26 00:01:58
22674000.0,0.00130414,1,1669420918370000,2022-11-26 00:01:58
22674000.0,0.03673773,1,1669420920094000,2022-11-26 00:02:00
22674000.0,0.00258616,1,1669420921875002,2022-11-26 00:02:01
22674000.0,0.00026462,1,1669420921875000,2022-11-26 00:02:01
22675000.0,0.00088202,0,1669420921283000,2022-11-26 00:02:01
22674000.0,0.04401795,1,1669420921875003,2022-11-26 00:02:01
22674000.0,0.00220516,1,1669420921875001,2022-11-26 00:02:01
22674000.0,7.991e-05,1,1669420921875005,2022-11-26 00:02:01
22674000.0,0.00044103,1,1669420921875006,2022-11-26 00:02:01
22674000.0,0.00035282,1,1669420921875007,2022-11-26 00:02:01
22674000.0,0.00088162,0,1669420921945000,2022-11-26 00:02:01
22674000.0,0.00440994,1,1669420921875004,2022-11-26 00:02:01
22674000.0,0.08436314,0,1669420922881001,2022-11-26 00:02:02
22675000.0,0.00191026,0,1669420922881000,2022-11-26 00:02:02
22674000.0,0.00044101,0,1669420926179000,2022-11-26 00:02:06
22675000.0,0.00048529,1,1669420928725000,2022-11-26 00:02:08
22674000.0,0.01324978,0,1669420928535000,2022-11-26 00:02:08
22675000.0,0.0046407,1,1669420930682000,2022-11-26 00:02:10
22675000.0,0.02779,1,1669420931240000,2022-11-26 00:02:11
22675000.0,0.01635,1,1669420932096000,2022-11-26 00:02:12
22675000.0,0.15549652,1,1669420935979000,2022-11-26 00:02:15
22676000.0,0.00462,0,1669420935808000,2022-11-26 00:02:15
22676000.0,0.00024254,0,1669420936680000,2022-11-26 00:02:16
22676000.0,0.03964986,0,1669420936529000,2022-11-26 00:02:16
22676000.0,0.02758285,0,1669420937055000,2022-11-26 00:02:17
22678000.0,0.02347105,0,1669420937976001,2022-11-26 00:02:17
22676000.0,0.00654895,0,1669420937976000,2022-11-26 00:02:17
22676000.0,0.02434,0,1669420937937000,2022-11-26 00:02:17
22676000.0,0.01617,0,1669420937410000,2022-11-26 00:02:17
22675000.0,0.00441014,1,1669420938507001,2022-11-26 00:02:18
22675000.0,0.00260513,1,1669420938507000,2022-11-26 00:02:18
22673000.0,0.00043049,1,1669420941176000,2022-11-26 00:02:21
22673000.0,0.02153607,1,1669420943968000,2022-11-26 00:02:23
22673000.0,0.00117919,1,1669420943968001,2022-11-26 00:02:23
22673000.0,0.02252261,1,1669420944132001,2022-11-26 00:02:24
22673000.0,0.00065568,1,1669420944132000,2022-11-26 00:02:24
22673000.0,0.00441053,1,1669420944132002,2022-11-26 00:02:24
22673000.0,0.00220526,1,1669420944132003,2022-11-26 00:02:24
22673000.0,0.00052022,0,1669420944898000,2022-11-26 00:02:24
22673000.0,0.00286,0,1669420944487000,2022-11-26 00:02:24
22672000.0,0.01691831,1,1669420946501002,2022-11-26 00:02:26
22672000.0,0.00117378,1,1669420946501001,2022-11-26 00:02:26
22672000.0,0.04405868,1,1669420946501000,2022-11-26 00:02:26
22673000.0,0.00132315,0,1669420948867000,2022-11-26 00:02:28
22671000.0,0.00220546,1,1669420950173007,2022-11-26 00:02:30
22671000.0,0.00374337,1,1669420950173008,2022-11-26 00:02:30
22672000.0,0.00231033,1,1669420950173009,2022-11-26 00:02:30
22670000.0,0.04367004,1,1669420950173010,2022-11-26 00:02:30
22670000.0,0.00415974,1,1669420950173011,2022-11-26 00:02:30
22670000.0,0.000223,1,1669420950173001,2022-11-26 00:02:30
22672000.0,0.00066783,1,1669420950173013,2022-11-26 00:02:30
22670000.0,0.00024,1,1669420950173014,2022-11-26 00:02:30
22670000.0,0.00220555,1,1669420950173000,2022-11-26 00:02:30
22670000.0,0.00441111,1,1669420950173006,2022-11-26 00:02:30
22672000.0,0.00220536,1,1669420950173012,2022-11-26 00:02:30
22670000.0,0.00132333,1,1669420950173005,2022-11-26 00:02:30
22670000.0,0.01177456,0,1669420951370000,2022-11-26 00:02:31
22670000.0,0.012,0,1669420953014000,2022-11-26 00:02:33
22669000.0,0.00220565,0,1669420953756000,2022-11-26 00:02:33
22669000.0,0.00257717,1,1669420953708002,2022-11-26 00:02:33
22669000.0,0.00220565,1,1669420953708001,2022-11-26 00:02:33
22669000.0,0.02282219,1,1669420953708000,2022-11-26 00:02:33
22669000.0,0.00204524,1,1669420953331000,2022-11-26 00:02:33
22668000.0,0.00513655,1,1669420954841002,2022-11-26 00:02:34
22668000.0,0.00220575,1,1669420954841001,2022-11-26 00:02:34
22668000.0,0.00027346,1,1669420954841000,2022-11-26 00:02:34
22669000.0,0.01642265,0,1669420955859001,2022-11-26 00:02:35
22668000.0,0.02821218,0,1669420955859000,2022-11-26 00:02:35
22666000.0,0.0003,1,1669420957239005,2022-11-26 00:02:37
22666000.0,0.01224396,1,1669420957239006,2022-11-26 00:02:37
22667000.0,0.00570787,1,1669420957239007,2022-11-26 00:02:37
22666000.0,0.000222,1,1669420957239008,2022-11-26 00:02:37
22666000.0,0.0125399,1,1669420958076000,2022-11-26 00:02:38
22665000.0,0.02114725,1,1669420958076005,2022-11-26 00:02:38
22665000.0,0.00882417,1,1669420958076002,2022-11-26 00:02:38
22665000.0,0.00132362,1,1669420958076003,2022-11-26 00:02:38
22665000.0,0.00248221,1,1669420958076004,2022-11-26 00:02:38
22666000.0,0.00220594,1,1669420958076001,2022-11-26 00:02:38
22669000.0,0.00207028,0,1669420958728000,2022-11-26 00:02:38
22668000.0,0.00493056,0,1669420959455000,2022-11-26 00:02:39
22669000.0,0.01713137,0,1669420959455001,2022-11-26 00:02:39
22669000.0,0.012,0,1669420959210000,2022-11-26 00:02:39
22665000.0,0.03635031,1,1669420959733000,2022-11-26 00:02:39
22664000.0,0.00587901,1,1669420960591005,2022-11-26 00:02:40
22664000.0,0.0022,1,1669420960591004,2022-11-26 00:02:40
22664000.0,0.01317473,1,1669420960591003,2022-11-26 00:02:40
22664000.0,0.00220458,1,1669420960591002,2022-11-26 00:02:40
22665000.0,0.01116748,1,1669420960591001,2022-11-26 00:02:40
22665000.0,0.00220604,1,1669420960591000,2022-11-26 00:02:40
22670000.0,0.0384042,0,1669420961679001,2022-11-26 00:02:41
22669000.0,0.00864607,0,1669420961679000,2022-11-26 00:02:41
22669000.0,0.02753687,0,1669420961679002,2022-11-26 00:02:41
22664000.0,0.09970222,1,1669420963170002,2022-11-26 00:02:43
22664000.0,0.00440994,1,1669420963170001,2022-11-26 00:02:43
22664000.0,0.00645634,1,1669420963170000,2022-11-26 00:02:43
22664000.0,0.00855836,1,1669420963034000,2022-11-26 00:02:43
22669000.0,0.0657093,0,1669420964021000,2022-11-26 00:02:44
22664000.0,0.03332436,1,1669420965956000,2022-11-26 00:02:45
22669000.0,0.021,0,1669420965486000,2022-11-26 00:02:45
22664000.0,0.06240564,1,1669420967400001,2022-11-26 00:02:47
22664000.0,0.01011614,1,1669420967400000,2022-11-26 00:02:47
22664000.0,0.03975027,1,1669420968984000,2022-11-26 00:02:48
22664000.0,0.01925421,1,1669420969261000,2022-11-26 00:02:49
22669000.0,0.00116474,0,1669420970426000,2022-11-26 00:02:50
22664000.0,0.03975027,1,1669420970188000,2022-11-26 00:02:50
22664000.0,0.00286328,1,1669420971764000,2022-11-26 00:02:51
22669000.0,0.015,0,1669420971695000,2022-11-26 00:02:51
22664000.0,0.00784664,1,1669420972326000,2022-11-26 00:02:52
22664000.0,0.07104998,1,1669420973115000,2022-11-26 00:02:53
22669000.0,0.08104432,0,1669420973022000,2022-11-26 00:02:53
22664000.0,0.01104454,1,1669420975482001,2022-11-26 00:02:55
22664000.0,0.00220614,1,1669420975482000,2022-11-26 00:02:55
22664000.0,0.0432609,1,1669420977980000,2022-11-26 00:02:57
22669000.0,0.00899999,0,1669420977858000,2022-11-26 00:02:57
22664000.0,0.0002646,1,1669420979776000,2022-11-26 00:02:59
22669000.0,0.00022056,0,1669420979691000,2022-11-26 00:02:59
22664000.0,0.05379552,1,1669420979776001,2022-11-26 00:02:59
22664000.0,0.00023,0,1669420979939000,2022-11-26 00:02:59
22663000.0,0.00128,1,1669420981928000,2022-11-26 00:03:01
22664000.0,0.00132368,0,1669420981376000,2022-11-26 00:03:01
22669000.0,0.00113215,0,1669420982544006,2022-11-26 00:03:02
22669000.0,0.00441131,0,1669420982544005,2022-11-26 00:03:02
22669000.0,0.07812449,0,1669420982544004,2022-11-26 00:03:02
22669000.0,0.01074711,0,1669420982544003,2022-11-26 00:03:02
22669000.0,0.02202124,0,1669420982544002,2022-11-26 00:03:02
22664000.0,0.00830235,0,1669420982544001,2022-11-26 00:03:02
22669000.0,0.02362031,0,1669420982544000,2022-11-26 00:03:02
22669000.0,0.00165,0,1669420983483000,2022-11-26 00:03:03
22663000.0,0.48459492,1,1669420983848000,2022-11-26 00:03:03
22663000.0,0.00990913,1,1669420984231000,2022-11-26 00:03:04
22664000.0,0.00485626,0,1669420986126000,2022-11-26 00:03:06
22664000.0,0.06367856,0,1669420988040000,2022-11-26 00:03:08
22664000.0,0.00044023,1,1669420988872000,2022-11-26 00:03:08
22664000.0,0.01186175,1,1669420990319000,2022-11-26 00:03:10
22664000.0,0.01176082,0,1669420991204001,2022-11-26 00:03:11
22669000.0,0.01054262,0,1669420991204000,2022-11-26 00:03:11
22663000.0,0.06366597,1,1669420995461000,2022-11-26 00:03:15
22663000.0,0.001,1,1669420997229000,2022-11-26 00:03:17
22664000.0,0.01026509,0,1669420999956001,2022-11-26 00:03:19
22664000.0,0.00943808,0,1669420999956000,2022-11-26 00:03:19
22663000.0,0.1404046,1,1669421000727000,2022-11-26 00:03:20
22664000.0,0.01,0,1669421000688000,2022-11-26 00:03:20
22664000.0,0.00558612,0,1669421000625000,2022-11-26 00:03:20
22663000.0,0.07098892,1,1669421000542003,2022-11-26 00:03:20
22663000.0,0.00022066,1,1669421000542002,2022-11-26 00:03:20
22663000.0,0.00441247,1,1669421000542001,2022-11-26 00:03:20
22663000.0,0.01262752,1,1669421000542000,2022-11-26 00:03:20
22664000.0,0.006,0,1669421000356000,2022-11-26 00:03:20
22663000.0,0.00375058,1,1669421000156000,2022-11-26 00:03:20
22663000.0,0.0362601,1,1669421001531000,2022-11-26 00:03:21
22664000.0,0.001,0,1669421001052000,2022-11-26 00:03:21
22663000.0,0.03173674,1,1669421002369000,2022-11-26 00:03:22
22664000.0,0.03825195,0,1669421003125000,2022-11-26 00:03:23
22669000.0,0.04075449,0,1669421004622000,2022-11-26 00:03:24
22669000.0,0.003,0,1669421004355000,2022-11-26 00:03:24
22669000.0,0.0053869,0,1669421005567000,2022-11-26 00:03:25
22663000.0,0.16743278,1,1669421006639000,2022-11-26 00:03:26
22663000.0,0.02045267,1,1669421010584000,2022-11-26 00:03:30
22663000.0,0.001,1,1669421010241000,2022-11-26 00:03:30
22663000.0,0.04943624,1,1669421015478000,2022-11-26 00:03:35
22664000.0,0.00044122,0,1669421017168000,2022-11-26 00:03:37
22663000.0,0.00133789,1,1669421017883000,2022-11-26 00:03:37
22664000.0,0.07533404,1,1669421018534000,2022-11-26 00:03:38
22664000.0,0.02613,0,1669421018809000,2022-11-26 00:03:38
22664000.0,0.00352984,0,1669421018201000,2022-11-26 00:03:38
22664000.0,0.00446815,0,1669421019987000,2022-11-26 00:03:39
22663000.0,0.00456344,1,1669421020016000,2022-11-26 00:03:40
22664000.0,0.02179754,0,1669421021234000,2022-11-26 00:03:41
22664000.0,0.012768,1,1669421021946000,2022-11-26 00:03:41
22669000.0,0.003,0,1669421021576000,2022-11-26 00:03:41
22664000.0,0.01693314,0,1669421021400001,2022-11-26 00:03:41
22664000.0,0.09288671,0,1669421021400000,2022-11-26 00:03:41
22669000.0,0.01142586,0,1669421022493000,2022-11-26 00:03:42
22663000.0,0.05407552,1,1669421022716000,2022-11-26 00:03:42
22669000.0,0.00977862,0,1669421022493001,2022-11-26 00:03:42
22664000.0,0.04091502,1,1669421022212000,2022-11-26 00:03:42
22663000.0,0.0094523,1,1669421022212001,2022-11-26 00:03:42
22669000.0,0.02330852,0,1669421025700001,2022-11-26 00:03:45
22669000.0,0.00080742,0,1669421025700000,2022-11-26 00:03:45
22669000.0,0.00539378,0,1669421028463000,2022-11-26 00:03:48
22664000.0,0.00022065,1,1669421028515001,2022-11-26 00:03:48
22664000.0,0.01323685,1,1669421028515002,2022-11-26 00:03:48
22663000.0,0.01900777,1,1669421028515000,2022-11-26 00:03:48
22669000.0,0.03775886,0,1669421028679000,2022-11-26 00:03:48
22663000.0,0.02034802,1,1669421028712000,2022-11-26 00:03:48
22663000.0,0.01759414,1,1669421028607000,2022-11-26 00:03:48
22663000.0,0.00266595,1,1669421029075000,2022-11-26 00:03:49
22669000.0,0.028,0,1669421032873000,2022-11-26 00:03:52
22669000.0,0.00088456,0,1669421034436000,2022-11-26 00:03:54
22684000.0,0.27609395,0,1669421035507000,2022-11-26 00:03:55
22686000.0,0.06902198,0,1669421035402002,2022-11-26 00:03:55
22670000.0,0.0207113,0,1669421035402001,2022-11-26 00:03:55
22684000.0,0.00295336,0,1669421035402000,2022-11-26 00:03:55
22686000.0,0.02750973,0,1669421036187000,2022-11-26 00:03:56
22669000.0,0.03121359,1,1669421042481000,2022-11-26 00:04:02
22682000.0,0.001,1,1669421042124000,2022-11-26 00:04:02
22669000.0,0.00264724,0,1669421043626000,2022-11-26 00:04:03
22663000.0,0.08907376,1,1669421045349000,2022-11-26 00:04:05
22669000.0,0.00956493,0,1669421047621000,2022-11-26 00:04:07
22669000.0,0.00373,1,1669421049710000,2022-11-26 00:04:09
22669000.0,0.01648624,1,1669421050254001,2022-11-26 00:04:10
22665000.0,0.00250928,1,1669421050254000,2022-11-26 00:04:10
22665000.0,0.04904379,1,1669421051616001,2022-11-26 00:04:11
22665000.0,0.05937453,1,1669421051616000,2022-11-26 00:04:11
22663000.0,0.00708397,1,1669421054703000,2022-11-26 00:04:14
22663000.0,0.00022065,1,1669421055574000,2022-11-26 00:04:15
22663000.0,0.04807808,1,1669421058810001,2022-11-26 00:04:18
22663000.0,0.00881618,1,1669421058810002,2022-11-26 00:04:18
22663000.0,0.00088249,1,1669421058810003,2022-11-26 00:04:18
22663000.0,0.0004408,1,1669421058810004,2022-11-26 00:04:18
22663000.0,0.00121054,1,1669421058810005,2022-11-26 00:04:18
22663000.0,0.00190257,1,1669421058810009,2022-11-26 00:04:18
22663000.0,0.00183661,1,1669421058810007,2022-11-26 00:04:18
22663000.0,0.02206239,1,1669421058810008,2022-11-26 00:04:18
22663000.0,0.00220513,1,1669421058810010,2022-11-26 00:04:18
22663000.0,0.20878646,1,1669421058025000,2022-11-26 00:04:18
22663000.0,0.00023,1,1669421058810006,2022-11-26 00:04:18
22669000.0,0.02718245,0,1669421059419000,2022-11-26 00:04:19
22669000.0,0.00595081,0,1669421059298000,2022-11-26 00:04:19
22664000.0,0.01622161,1,1669421060395000,2022-11-26 00:04:20
22669000.0,0.00474684,1,1669421060395001,2022-11-26 00:04:20
22681000.0,0.00066134,0,1669421061159000,2022-11-26 00:04:21
22664000.0,0.01955026,1,1669421063170000,2022-11-26 00:04:23
22664000.0,0.03966195,1,1669421066544000,2022-11-26 00:04:26
22664000.0,0.06078606,1,1669421067533000,2022-11-26 00:04:27
22664000.0,0.06745563,1,1669421069580000,2022-11-26 00:04:29
22664000.0,0.00249611,0,1669421070958000,2022-11-26 00:04:30
22664000.0,0.00603,1,1669421073300000,2022-11-26 00:04:33
22664000.0,0.00128276,1,1669421074075000,2022-11-26 00:04:34
22681000.0,0.00538435,0,1669421075888000,2022-11-26 00:04:35
22659000.0,0.00132397,1,1669421076661021,2022-11-26 00:04:36
22663000.0,0.00106983,1,1669421076661022,2022-11-26 00:04:36
22660000.0,0.00095212,1,1669421076661023,2022-11-26 00:04:36
22662000.0,0.0055795,1,1669421076661025,2022-11-26 00:04:36
22659000.0,0.00022774,1,1669421076661026,2022-11-26 00:04:36
22660000.0,0.00051064,1,1669421076661027,2022-11-26 00:04:36
22662000.0,0.00220633,1,1669421076661028,2022-11-26 00:04:36
22660000.0,0.00023,1,1669421076661024,2022-11-26 00:04:36
22664000.0,0.00754077,1,1669421076099000,2022-11-26 00:04:36
22663000.0,0.00021614,1,1669421076099001,2022-11-26 00:04:36
22663000.0,0.00910578,1,1669421076099002,2022-11-26 00:04:36
22664000.0,0.00173845,1,1669421076099003,2022-11-26 00:04:36
22664000.0,0.00382114,1,1669421076099004,2022-11-26 00:04:36
22663000.0,0.02205136,1,1669421076099005,2022-11-26 00:04:36
22660000.0,0.00044,1,1669421076661029,2022-11-26 00:04:36
22660000.0,0.00752883,1,1669421077189000,2022-11-26 00:04:37
22664000.0,0.00132368,0,1669421078117000,2022-11-26 00:04:38
22664000.0,0.00220614,0,1669421079566000,2022-11-26 00:04:39
22664000.0,0.00361297,0,1669421080904000,2022-11-26 00:04:40
22664000.0,0.00088246,0,1669421081044000,2022-11-26 00:04:41
22664000.0,0.01890567,0,1669421082309000,2022-11-26 00:04:42
22664000.0,0.01034777,0,1669421082309001,2022-11-26 00:04:42
22660000.0,0.00872378,1,1669421082894000,2022-11-26 00:04:42
22664000.0,0.00026474,0,1669421082547000,2022-11-26 00:04:42
22664000.0,0.00022282,0,1669421084788000,2022-11-26 00:04:44
22660000.0,0.00457552,1,1669421084380000,2022-11-26 00:04:44
22660000.0,0.09612616,1,1669421085916000,2022-11-26 00:04:45
22660000.0,0.04242622,1,1669421085848000,2022-11-26 00:04:45
22664000.0,0.00475719,0,1669421086555000,2022-11-26 00:04:46
22664000.0,0.00490052,0,1669421087186000,2022-11-26 00:04:47
22664000.0,0.00556106,0,1669421088197000,2022-11-26 00:04:48
22660000.0,0.00088233,1,1669421088841000,2022-11-26 00:04:48
22660000.0,0.00080236,1,1669421089405001,2022-11-26 00:04:49
22660000.0,0.00343945,1,1669421089405002,2022-11-26 00:04:49
22660000.0,0.01625966,1,1669421089405000,2022-11-26 00:04:49
22664000.0,0.0055518,0,1669421089867000,2022-11-26 00:04:49
22660000.0,0.0031211,0,1669421089860000,2022-11-26 00:04:49
22660000.0,0.01140324,1,1669421091095000,2022-11-26 00:04:51
22664000.0,0.001509,0,1669421092705000,2022-11-26 00:04:52
22660000.0,0.01797423,1,1669421097010000,2022-11-26 00:04:57
22660000.0,0.00689992,1,1669421097266001,2022-11-26 00:04:57
22660000.0,0.03493876,1,1669421097266000,2022-11-26 00:04:57
22660000.0,0.012,0,1669421100927000,2022-11-26 00:05:00
22660000.0,0.0132,0,1669421100976000,2022-11-26 00:05:00
22659000.0,0.00304067,1,1669421101039000,2022-11-26 00:05:01
22659000.0,0.02081245,1,1669421101039002,2022-11-26 00:05:01
22659000.0,0.0030332,1,1669421101039003,2022-11-26 00:05:01
22659000.0,0.04411051,1,1669421101039001,2022-11-26 00:05:01
22660000.0,0.02604564,0,1669421102791000,2022-11-26 00:05:02
22660000.0,0.04867724,0,1669421102497000,2022-11-26 00:05:02
22660000.0,0.02751322,0,1669421102548000,2022-11-26 00:05:02
22664000.0,0.02898081,0,1669421102791001,2022-11-26 00:05:02
22660000.0,0.01586675,0,1669421102233001,2022-11-26 00:05:02
22664000.0,0.00241771,0,1669421102926001,2022-11-26 00:05:02
22660000.0,0.00911127,0,1669421102233000,2022-11-26 00:05:02
22664000.0,0.02594207,0,1669421102926000,2022-11-26 00:05:02
22664000.0,0.01863589,0,1669421106320000,2022-11-26 00:05:06
22664000.0,0.003,0,1669421107118000,2022-11-26 00:05:07
22659000.0,0.02137214,1,1669421109771001,2022-11-26 00:05:09
22659000.0,0.00069414,1,1669421109536001,2022-11-26 00:05:09
22659000.0,0.0517266,1,1669421109536002,2022-11-26 00:05:09
22659000.0,0.00882651,1,1669421109771000,2022-11-26 00:05:09
22659000.0,0.00165947,1,1669421109771002,2022-11-26 00:05:09
22659000.0,0.00035306,0,1669421109984000,2022-11-26 00:05:09
22659000.0,0.00476358,1,1669421109771004,2022-11-26 00:05:09
22659000.0,0.00044132,1,1669421109771005,2022-11-26 00:05:09
22659000.0,0.09338693,1,1669421109771006,2022-11-26 00:05:09
22659000.0,0.22055259,1,1669421109771003,2022-11-26 00:05:09
22658000.0,0.00417663,1,1669421111009000,2022-11-26 00:05:11
22658000.0,0.00040527,1,1669421111660001,2022-11-26 00:05:11
22658000.0,0.14795369,1,1669421111660000,2022-11-26 00:05:11
22659000.0,0.003,0,1669421113348000,2022-11-26 00:05:13
22659000.0,0.05459649,0,1669421116445000,2022-11-26 00:05:16
22659000.0,0.04055,0,1669421117518000,2022-11-26 00:05:17
22659000.0,0.08822108,0,1669421119736000,2022-11-26 00:05:19
22659000.0,0.01799999,0,1669421119558000,2022-11-26 00:05:19
22659000.0,0.00441325,0,1669421120831000,2022-11-26 00:05:20
22658000.0,0.03826461,1,1669421120501000,2022-11-26 00:05:20
22659000.0,0.0016179,0,1669421121397000,2022-11-26 00:05:21
22659000.0,0.344711,0,1669421122630000,2022-11-26 00:05:22
22658000.0,0.03734709,1,1669421122472000,2022-11-26 00:05:22
22659000.0,0.09269841,0,1669421124342000,2022-11-26 00:05:24
22659000.0,0.003,0,1669421125769000,2022-11-26 00:05:25
22659000.0,0.0434714,0,1669421127815000,2022-11-26 00:05:27
22658000.0,0.02427434,1,1669421127345000,2022-11-26 00:05:27
22659000.0,0.00882652,0,1669421128035001,2022-11-26 00:05:28
22659000.0,0.08862227,0,1669421128035000,2022-11-26 00:05:28
22659000.0,0.04329656,1,1669421129933000,2022-11-26 00:05:29
22659000.0,0.07990384,1,1669421130521001,2022-11-26 00:05:30
22659000.0,0.01385752,1,1669421130521000,2022-11-26 00:05:30
22664000.0,0.0016,0,1669421131426000,2022-11-26 00:05:31
22661000.0,0.06688945,0,1669421132468000,2022-11-26 00:05:32
22664000.0,0.01,0,1669421132468001,2022-11-26 00:05:32
22681000.0,0.03152741,0,1669421132468002,2022-11-26 00:05:32
22664000.0,0.03805109,0,1669421132468004,2022-11-26 00:05:32
22681000.0,0.0196933,0,1669421132468005,2022-11-26 00:05:32
22664000.0,0.00377682,0,1669421132468006,2022-11-26 00:05:32
22664000.0,0.00051404,0,1669421132468003,2022-11-26 00:05:32
22663000.0,0.06051117,1,1669421134217000,2022-11-26 00:05:34
22658000.0,0.09448605,1,1669421142470002,2022-11-26 00:05:42
22659000.0,0.00051362,1,1669421142470001,2022-11-26 00:05:42
22659000.0,0.00095662,1,1669421142470000,2022-11-26 00:05:42
22663000.0,0.0194,0,1669421143797000,2022-11-26 00:05:43
22663000.0,0.003,0,1669421145806000,2022-11-26 00:05:45
22663000.0,0.11966514,0,1669421145916000,2022-11-26 00:05:45
22663000.0,0.03926666,0,1669421145916001,2022-11-26 00:05:45
22663000.0,0.07583353,1,1669421147577001,2022-11-26 00:05:47
22660000.0,0.03474007,1,1669421147577000,2022-11-26 00:05:47
22663000.0,0.01595269,0,1669421149243000,2022-11-26 00:05:49
22663000.0,0.0149,0,1669421149591000,2022-11-26 00:05:49
22663000.0,0.02817209,1,1669421149466000,2022-11-26 00:05:49
22663000.0,7.09e-05,0,1669421150162001,2022-11-26 00:05:50
22681000.0,0.0001518,0,1669421150162000,2022-11-26 00:05:50
22681000.0,0.00022044,0,1669421155959000,2022-11-26 00:05:55
22661000.0,0.0212192,1,1669421156870000,2022-11-26 00:05:56
22661000.0,0.01056484,1,1669421162538000,2022-11-26 00:06:02
22661000.0,0.04106072,1,1669421165521001,2022-11-26 00:06:05
22661000.0,0.03576547,1,1669421165521000,2022-11-26 00:06:05
22681000.0,0.05501713,0,1669421166398000,2022-11-26 00:06:06
22681000.0,0.06363862,0,1669421166279001,2022-11-26 00:06:06
22663000.0,0.0290441,0,1669421166279000,2022-11-26 00:06:06
22661000.0,0.00044404,1,1669421167228000,2022-11-26 00:06:07
22681000.0,0.00026012,0,1669421167954000,2022-11-26 00:06:07
22681000.0,0.00026012,0,1669421168264000,2022-11-26 00:06:08
22661000.0,0.00313395,1,1669421174708000,2022-11-26 00:06:14
22681000.0,0.00507021,0,1669421174438000,2022-11-26 00:06:14
22661000.0,0.03867643,1,1669421179159000,2022-11-26 00:06:19
22661000.0,0.30086563,1,1669421180611000,2022-11-26 00:06:20
22661000.0,0.00882651,1,1669421185168004,2022-11-26 00:06:25
22662000.0,0.14832324,1,1669421185168003,2022-11-26 00:06:25
22661000.0,0.05701106,1,1669421185168002,2022-11-26 00:06:25
22662000.0,0.01677285,1,1669421185168001,2022-11-26 00:06:25
22661000.0,0.00064945,1,1669421185168000,2022-11-26 00:06:25
22661000.0,0.02528856,0,1669421187301000,2022-11-26 00:06:27
22680000.0,0.00539233,0,1669421189863000,2022-11-26 00:06:29
22661000.0,0.0181099,1,1669421191562000,2022-11-26 00:06:31
22661000.0,0.0182113,1,1669421192794000,2022-11-26 00:06:32
22664000.0,0.00575544,0,1669421193758000,2022-11-26 00:06:33
22664000.0,0.00575151,0,1669421193804000,2022-11-26 00:06:33
22664000.0,0.00571501,0,1669421193804001,2022-11-26 00:06:33
22661000.0,0.03592567,1,1669421194292000,2022-11-26 00:06:34
22661000.0,0.08696786,1,1669421196367000,2022-11-26 00:06:36
22664000.0,0.00479271,0,1669421197118000,2022-11-26 00:06:37
22664000.0,0.00934617,0,1669421197031000,2022-11-26 00:06:37
22664000.0,0.00707548,0,1669421199147000,2022-11-26 00:06:39
22664000.0,0.00478944,0,1669421200208000,2022-11-26 00:06:40
22664000.0,0.00475797,0,1669421201762000,2022-11-26 00:06:41
22661000.0,0.01315576,1,1669421201727000,2022-11-26 00:06:41
22661000.0,0.16488749,1,1669421203091000,2022-11-26 00:06:43
22664000.0,0.01856215,0,1669421204080000,2022-11-26 00:06:44
22661000.0,0.03213804,1,1669421207262003,2022-11-26 00:06:47
22661000.0,0.11651224,1,1669421207262002,2022-11-26 00:06:47
22664000.0,0.01869924,1,1669421207262001,2022-11-26 00:06:47
22661000.0,0.0132386,1,1669421207262000,2022-11-26 00:06:47
22664000.0,0.00043257,0,1669421208318000,2022-11-26 00:06:48
22680000.0,0.00169576,0,1669421210428000,2022-11-26 00:06:50
22680000.0,0.08813935,0,1669421214039000,2022-11-26 00:06:54
22679000.0,0.06790339,0,1669421217088000,2022-11-26 00:06:57
22664000.0,0.01280428,1,1669421225911001,2022-11-26 00:07:05
22664000.0,0.04388123,1,1669421225911000,2022-11-26 00:07:05
22661000.0,0.0015417,1,1669421227298000,2022-11-26 00:07:07
22664000.0,0.00013611,1,1669421227050001,2022-11-26 00:07:07
22661000.0,0.00184607,1,1669421227050000,2022-11-26 00:07:07
22661000.0,0.01565186,1,1669421228494000,2022-11-26 00:07:08
22679000.0,0.05617296,0,1669421230093001,2022-11-26 00:07:10
22678000.0,0.06881256,0,1669421230093000,2022-11-26 00:07:10
22679000.0,0.00181768,0,1669421231009000,2022-11-26 00:07:11
22661000.0,0.04437387,1,1669421231898000,2022-11-26 00:07:11
22660000.0,0.02136917,1,1669421237711003,2022-11-26 00:07:17
22661000.0,0.001653,1,1669421237711001,2022-11-26 00:07:17
22661000.0,0.00435239,1,1669421237711002,2022-11-26 00:07:17
22661000.0,0.00608497,1,1669421237711005,2022-11-26 00:07:17
22661000.0,0.00441286,1,1669421237711004,2022-11-26 00:07:17
22661000.0,0.1,1,1669421237711007,2022-11-26 00:07:17
22661000.0,0.01946438,1,1669421237711009,2022-11-26 00:07:17
22661000.0,0.00044987,1,1669421237711006,2022-11-26 00:07:17
22661000.0,0.00441306,1,1669421237711008,2022-11-26 00:07:17
22661000.0,0.0441,0,1669421238156000,2022-11-26 00:07:18
22660000.0,0.00588419,1,1669421239327003,2022-11-26 00:07:19
22660000.0,0.10113749,1,1669421239327002,2022-11-26 00:07:19
22660000.0,0.00309533,1,1669421239327001,2022-11-26 00:07:19
22660000.0,0.0004413,1,1669421239327000,2022-11-26 00:07:19
22661000.0,6.92e-05,0,1669421241514001,2022-11-26 00:07:21
22661000.0,0.00081337,0,1669421241514000,2022-11-26 00:07:21
22661000.0,0.00044093,0,1669421242530000,2022-11-26 00:07:22
22661000.0,0.00040755,0,1669421243124000,2022-11-26 00:07:23
22661000.0,0.00091317,0,1669421244563000,2022-11-26 00:07:24
22661000.0,0.02802444,1,1669421246990000,2022-11-26 00:07:26
22679000.0,0.04819443,0,1669421246960001,2022-11-26 00:07:26
22681000.0,0.04446868,0,1669421246960000,2022-11-26 00:07:26
22671000.0,0.00834341,0,1669421246360001,2022-11-26 00:07:26
22679000.0,0.04666209,0,1669421246360000,2022-11-26 00:07:26
22681000.0,0.04649839,0,1669421247911000,2022-11-26 00:07:27
22681000.0,0.0550055,0,1669421251495000,2022-11-26 00:07:31
22681000.0,0.09266311,0,1669421251688000,2022-11-26 00:07:31
22661000.0,0.0008818,1,1669421253986000,2022-11-26 00:07:33
22677000.0,0.08253256,0,1669421259307000,2022-11-26 00:07:39
22661000.0,0.00022095,1,1669421260594000,2022-11-26 00:07:40
22661000.0,0.00441286,1,1669421260594001,2022-11-26 00:07:40
22661000.0,0.04589565,1,1669421260594003,2022-11-26 00:07:40
22660000.0,0.09105911,1,1669421260594004,2022-11-26 00:07:40
22662000.0,0.04412673,1,1669421260594002,2022-11-26 00:07:40
22661000.0,0.04412867,1,1669421260594006,2022-11-26 00:07:40
22661000.0,0.00220921,1,1669421260594007,2022-11-26 00:07:40
22661000.0,0.00022284,1,1669421260863000,2022-11-26 00:07:40
22661000.0,0.00489063,1,1669421260594005,2022-11-26 00:07:40
22661000.0,0.00419003,0,1669421262152000,2022-11-26 00:07:42
22677000.0,0.00440975,0,1669421263221000,2022-11-26 00:07:43
22677000.0,0.00053957,0,1669421268845000,2022-11-26 00:07:48
22662000.0,0.20046624,1,1669421268649000,2022-11-26 00:07:48
22677000.0,0.02988351,0,1669421272484000,2022-11-26 00:07:52
22676000.0,0.03757311,0,1669421279174001,2022-11-26 00:07:59
22682000.0,0.00248672,0,1669421279331000,2022-11-26 00:07:59
22681000.0,0.03160384,0,1669421279174002,2022-11-26 00:07:59
22681000.0,0.00879183,0,1669421279174003,2022-11-26 00:07:59
22677000.0,0.01392076,0,1669421279174000,2022-11-26 00:07:59
22682000.0,0.24398288,0,1669421279174005,2022-11-26 00:07:59
22681000.0,0.00873945,0,1669421279174007,2022-11-26 00:07:59
22680000.0,0.00556395,0,1669421279174004,2022-11-26 00:07:59
22677000.0,0.00670422,0,1669421279174006,2022-11-26 00:07:59
22677000.0,0.00088309,1,1669421280029000,2022-11-26 00:08:00
22677000.0,0.02128159,1,1669421282844000,2022-11-26 00:08:02
22677000.0,0.04254989,1,1669421282673000,2022-11-26 00:08:02
22682000.0,0.02792906,0,1669421286056000,2022-11-26 00:08:06
22682000.0,0.55443369,0,1669421287100000,2022-11-26 00:08:07
22677000.0,0.02350095,1,1669421289544000,2022-11-26 00:08:09
22682000.0,0.00044087,0,1669421292927000,2022-11-26 00:08:12
22677000.0,0.00510601,1,1669421292565000,2022-11-26 00:08:12
22677000.0,0.02078467,1,1669421293046000,2022-11-26 00:08:13
22677000.0,0.0464,1,1669421295804000,2022-11-26 00:08:15
22677000.0,0.00535554,1,1669421295938000,2022-11-26 00:08:15
22677000.0,0.01597849,1,1669421297252000,2022-11-26 00:08:17
22682000.0,0.34140682,0,1669421298248001,2022-11-26 00:08:18
22677000.0,0.06557781,0,1669421298248000,2022-11-26 00:08:18
22662000.0,0.00275379,1,1669421299818000,2022-11-26 00:08:19
22663000.0,0.09286552,1,1669421305846001,2022-11-26 00:08:25
22662000.0,0.08381792,1,1669421305846000,2022-11-26 00:08:25
22663000.0,0.01818639,1,1669421305793000,2022-11-26 00:08:25
22662000.0,0.00673528,1,1669421308177000,2022-11-26 00:08:28
22662000.0,0.00484297,1,1669421310720000,2022-11-26 00:08:30
22662000.0,0.02418706,1,1669421311345000,2022-11-26 00:08:31
22662000.0,0.00030754,1,1669421311702000,2022-11-26 00:08:31
22662000.0,0.17668344,1,1669421311581000,2022-11-26 00:08:31
22662000.0,0.15392737,1,1669421313893000,2022-11-26 00:08:33
22662000.0,0.26475587,1,1669421313617000,2022-11-26 00:08:33
22674000.0,0.00441033,0,1669421314923000,2022-11-26 00:08:34
22662000.0,0.54205043,1,1669421314615000,2022-11-26 00:08:34
22674000.0,0.0043982,0,1669421316117000,2022-11-26 00:08:36
22674000.0,0.00030872,0,1669421317448000,2022-11-26 00:08:37
22662000.0,0.08511414,1,1669421320496000,2022-11-26 00:08:40
22674000.0,0.00391216,0,1669421321483000,2022-11-26 00:08:41
22662000.0,0.42785484,1,1669421322279000,2022-11-26 00:08:42
22662000.0,0.00275379,1,1669421322473000,2022-11-26 00:08:42
22674000.0,0.0309178,0,1669421322860000,2022-11-26 00:08:42
22674000.0,0.01155315,1,1669421323200000,2022-11-26 00:08:43
22682000.0,0.01254858,0,1669421323834000,2022-11-26 00:08:43
22674000.0,0.01143954,1,1669421323135000,2022-11-26 00:08:43
22674000.0,0.00568719,1,1669421326349000,2022-11-26 00:08:46
22662000.0,0.00725447,1,1669421328851001,2022-11-26 00:08:48
22662000.0,0.01191421,1,1669421328851002,2022-11-26 00:08:48
22662000.0,0.09158271,1,1669421328851000,2022-11-26 00:08:48
22662000.0,0.01955929,1,1669421328851004,2022-11-26 00:08:48
22662000.0,0.0004971,1,1669421328851005,2022-11-26 00:08:48
22674000.0,0.01704164,1,1669421328851003,2022-11-26 00:08:48
22662000.0,0.11216357,1,1669421335370000,2022-11-26 00:08:55
22662000.0,0.00117217,1,1669421335370001,2022-11-26 00:08:55
22662000.0,0.00778362,1,1669421335025000,2022-11-26 00:08:55
22674000.0,0.00023568,0,1669421344646000,2022-11-26 00:09:04
22664000.0,0.001,1,1669421347539000,2022-11-26 00:09:07
22665000.0,0.04817819,1,1669421350427000,2022-11-26 00:09:10
22665000.0,0.03093422,1,1669421354742001,2022-11-26 00:09:14
22666000.0,0.0029589,1,1669421354742000,2022-11-26 00:09:14
22674000.0,0.00088762,0,1669421354254001,2022-11-26 00:09:14
22680000.0,0.04320432,0,1669421354254000,2022-11-26 00:09:14
22681000.0,0.02560545,0,1669421362606000,2022-11-26 00:09:22
22681000.0,0.03998024,0,1669421362606001,2022-11-26 00:09:22
22681000.0,0.00350622,1,1669421362682000,2022-11-26 00:09:22
22681000.0,0.00455033,1,1669421362745002,2022-11-26 00:09:22
22681000.0,0.08167749,1,1669421362745001,2022-11-26 00:09:22
22681000.0,0.00458153,1,1669421362745003,2022-11-26 00:09:22
22681000.0,0.00457234,1,1669421362745000,2022-11-26 00:09:22
22681000.0,0.00918113,1,1669421363771000,2022-11-26 00:09:23
22681000.0,0.03068406,1,1669421364288000,2022-11-26 00:09:24
22681000.0,0.00797,1,1669421364137000,2022-11-26 00:09:24
22681000.0,0.011,1,1669421364379000,2022-11-26 00:09:24
22665000.0,0.0058696,1,1669421365985000,2022-11-26 00:09:25
22681000.0,0.02861321,1,1669421365504000,2022-11-26 00:09:25
22664000.0,0.00136075,1,1669421365985001,2022-11-26 00:09:25
22664000.0,0.00712889,1,1669421366029000,2022-11-26 00:09:26
22681000.0,0.02891066,0,1669421366534000,2022-11-26 00:09:26
22682000.0,0.00105374,0,1669421370013000,2022-11-26 00:09:30
22681000.0,0.00319597,1,1669421373145001,2022-11-26 00:09:33
22681000.0,0.01060403,1,1669421373145000,2022-11-26 00:09:33
22682000.0,0.14943055,0,1669421375594000,2022-11-26 00:09:35
22682000.0,0.0234008,0,1669421377154000,2022-11-26 00:09:37
22681000.0,0.00264538,1,1669421378537000,2022-11-26 00:09:38
22682000.0,0.02203293,0,1669421379412000,2022-11-26 00:09:39
22682000.0,0.02105955,0,1669421380187000,2022-11-26 00:09:40
22682000.0,0.08496474,0,1669421383757000,2022-11-26 00:09:43
22682000.0,0.01895254,0,1669421384768000,2022-11-26 00:09:44
22681000.0,0.00368296,1,1669421384385000,2022-11-26 00:09:44
22664000.0,0.00274954,1,1669421385192001,2022-11-26 00:09:45
22681000.0,0.00907111,1,1669421385192000,2022-11-26 00:09:45
22681000.0,0.0131,1,1669421389770000,2022-11-26 00:09:49
22664000.0,0.03008627,1,1669421390173001,2022-11-26 00:09:50
22681000.0,0.02954274,1,1669421390173000,2022-11-26 00:09:50
22682000.0,0.61053302,0,1669421390779001,2022-11-26 00:09:50
22682000.0,0.27122343,0,1669421390779000,2022-11-26 00:09:50
22664000.0,0.00380535,1,1669421390287002,2022-11-26 00:09:50
22664000.0,0.00293539,1,1669421390287001,2022-11-26 00:09:50
22664000.0,0.00180128,1,1669421390287000,2022-11-26 00:09:50
22665000.0,0.02605866,1,1669421398790000,2022-11-26 00:09:58
22681000.0,0.00044087,0,1669421401700000,2022-11-26 00:10:01
22665000.0,0.01767276,1,1669421403094001,2022-11-26 00:10:03
22665000.0,0.00366942,1,1669421403094000,2022-11-26 00:10:03
22681000.0,0.00088349,1,1669421405838000,2022-11-26 00:10:05
22681000.0,0.00082125,0,1669421405734000,2022-11-26 00:10:05
22681000.0,0.00060877,1,1669421407736000,2022-11-26 00:10:07
22681000.0,0.00313256,1,1669421408818001,2022-11-26 00:10:08
22681000.0,0.00354608,1,1669421408818000,2022-11-26 00:10:08
22681000.0,0.02294529,0,1669421413121001,2022-11-26 00:10:13
22681000.0,0.00332136,0,1669421413121000,2022-11-26 00:10:13
22666000.0,0.0005,1,1669421414774000,2022-11-26 00:10:14
22681000.0,0.01969786,0,1669421415980000,2022-11-26 00:10:15
22680000.0,0.002,0,1669421417692000,2022-11-26 00:10:17
22680000.0,0.00022049,0,1669421417436000,2022-11-26 00:10:17
22666000.0,0.02201633,1,1669421418687000,2022-11-26 00:10:18
22666000.0,0.05768922,1,1669421419206000,2022-11-26 00:10:19
22666000.0,0.001,0,1669421419988000,2022-11-26 00:10:19
22666000.0,0.04406967,0,1669421422624000,2022-11-26 00:10:22
22666000.0,0.0060871,0,1669421423753000,2022-11-26 00:10:23
22666000.0,0.00321696,0,1669421425643000,2022-11-26 00:10:25
22666000.0,0.005985,0,1669421425643001,2022-11-26 00:10:25
22666000.0,0.0172694,1,1669421426063000,2022-11-26 00:10:26
22665000.0,0.04324467,1,1669421426063001,2022-11-26 00:10:26
22665000.0,0.11668675,1,1669421426063002,2022-11-26 00:10:26
22666000.0,0.01078016,0,1669421427280000,2022-11-26 00:10:27
22666000.0,0.3205501,0,1669421428622000,2022-11-26 00:10:28
22667000.0,0.00782028,1,1669421428356000,2022-11-26 00:10:28
22665000.0,0.00562522,1,1669421429737000,2022-11-26 00:10:29
22680000.0,0.00440917,0,1669421437791000,2022-11-26 00:10:37
22665000.0,0.02247674,1,1669421437429000,2022-11-26 00:10:37
22680000.0,0.02951363,0,1669421445165000,2022-11-26 00:10:45
22665000.0,0.00852025,1,1669421445853000,2022-11-26 00:10:45
22665000.0,0.00174057,1,1669421446652000,2022-11-26 00:10:46
22665000.0,0.06203824,1,1669421452123000,2022-11-26 00:10:52
22665000.0,0.06331487,1,1669421460032000,2022-11-26 00:11:00
22680000.0,0.2115299,0,1669421461844001,2022-11-26 00:11:01
22680000.0,0.22243602,0,1669421461844000,2022-11-26 00:11:01
22680000.0,0.0015276,1,1669421462965000,2022-11-26 00:11:02
22681000.0,0.00030862,0,1669421464782000,2022-11-26 00:11:04
22681000.0,0.01502652,0,1669421465335001,2022-11-26 00:11:05
22682000.0,0.00592348,0,1669421465335000,2022-11-26 00:11:05
22680000.0,0.0086,1,1669421467686000,2022-11-26 00:11:07
22680000.0,0.55590648,1,1669421472241000,2022-11-26 00:11:12
22680000.0,0.00289,0,1669421475785000,2022-11-26 00:11:15
22680000.0,0.04568701,0,1669421479687000,2022-11-26 00:11:19
22680000.0,0.00176367,0,1669421481632001,2022-11-26 00:11:21
22680000.0,0.0474336,0,1669421481632000,2022-11-26 00:11:21
22680000.0,0.00434659,0,1669421481632002,2022-11-26 00:11:21
22682000.0,0.15040944,0,1669421482107000,2022-11-26 00:11:22
22680000.0,0.00288126,1,1669421482369000,2022-11-26 00:11:22
22680000.0,0.00443605,1,1669421484892000,2022-11-26 00:11:24
22680000.0,0.0009,1,1669421485952000,2022-11-26 00:11:25
22680000.0,0.08818343,1,1669421486473000,2022-11-26 00:11:26
22680000.0,0.00440918,1,1669421489238000,2022-11-26 00:11:29
22667000.0,0.13180839,1,1669421498012000,2022-11-26 00:11:38
22680000.0,0.0433501,1,1669421498012001,2022-11-26 00:11:38
22680000.0,0.00044091,1,1669421498012003,2022-11-26 00:11:38
22680000.0,0.00106065,1,1669421498012002,2022-11-26 00:11:38
22680000.0,0.00806413,1,1669421499066000,2022-11-26 00:11:39
22680000.0,0.016,1,1669421499543000,2022-11-26 00:11:39
22682000.0,0.0563602,0,1669421502579000,2022-11-26 00:11:42
22680000.0,0.00033037,1,1669421503698001,2022-11-26 00:11:43
22680000.0,0.00812577,1,1669421503698000,2022-11-26 00:11:43
22667000.0,0.00108057,1,1669421505887001,2022-11-26 00:11:45
22680000.0,0.0004,0,1669421505767000,2022-11-26 00:11:45
22665000.0,0.03347416,1,1669421505887000,2022-11-26 00:11:45
22667000.0,0.00216226,1,1669421505887002,2022-11-26 00:11:45
22665000.0,0.01769508,1,1669421505887003,2022-11-26 00:11:45
22665000.0,0.13928409,1,1669421505887004,2022-11-26 00:11:45
22665000.0,0.00881981,1,1669421505887005,2022-11-26 00:11:45
22667000.0,0.00839437,1,1669421505887006,2022-11-26 00:11:45
22680000.0,0.10475071,0,1669421506256000,2022-11-26 00:11:46
22680000.0,0.03869186,0,1669421509635000,2022-11-26 00:11:49
22682000.0,0.00044087,0,1669421512592000,2022-11-26 00:11:52
22682000.0,0.08510439,0,1669421514817000,2022-11-26 00:11:54
22665000.0,0.01178753,1,1669421516859001,2022-11-26 00:11:56
22679000.0,0.00029733,1,1669421516859000,2022-11-26 00:11:56
22680000.0,0.00597663,1,1669421516011001,2022-11-26 00:11:56
22680000.0,0.00026757,1,1669421516011000,2022-11-26 00:11:56
22665000.0,0.05540322,1,1669421518418001,2022-11-26 00:11:58
22666000.0,0.02205947,1,1669421518418000,2022-11-26 00:11:58
22680000.0,0.00610633,0,1669421519964000,2022-11-26 00:11:59
22665000.0,0.0060424,1,1669421519716000,2022-11-26 00:11:59
22680000.0,0.00044091,0,1669421520499000,2022-11-26 00:12:00
22665000.0,0.05146287,1,1669421520411000,2022-11-26 00:12:00
22665000.0,0.04412089,1,1669421525551002,2022-11-26 00:12:05
22665000.0,0.00871519,1,1669421525551000,2022-11-26 00:12:05
22665000.0,0.04307561,1,1669421525551001,2022-11-26 00:12:05
22665000.0,0.00456475,1,1669421525551004,2022-11-26 00:12:05
22667000.0,0.01879212,1,1669421525551003,2022-11-26 00:12:05
22665000.0,0.00441208,1,1669421525551005,2022-11-26 00:12:05
22665000.0,0.04073445,1,1669421525551006,2022-11-26 00:12:05
22665000.0,0.05916657,1,1669421525551007,2022-11-26 00:12:05
22680000.0,0.06524645,0,1669421526201000,2022-11-26 00:12:06
22665000.0,0.00631067,1,1669421527846000,2022-11-26 00:12:07
22665000.0,0.02899744,1,1669421532632000,2022-11-26 00:12:12
22665000.0,0.00230504,1,1669421533384000,2022-11-26 00:12:13
22679000.0,0.00044093,0,1669421537168000,2022-11-26 00:12:17
22674000.0,0.01924108,1,1669421541501000,2022-11-26 00:12:21
22679000.0,0.02372979,0,1669421544506000,2022-11-26 00:12:24
22674000.0,0.00081327,1,1669421544658000,2022-11-26 00:12:24
22674000.0,0.04966507,1,1669421547139000,2022-11-26 00:12:27
22674000.0,0.0208985,1,1669421547838000,2022-11-26 00:12:27
22674000.0,0.03625264,1,1669421554718000,2022-11-26 00:12:34
22679000.0,0.03647191,0,1669421555216000,2022-11-26 00:12:35
22674000.0,0.00469541,1,1669421557088000,2022-11-26 00:12:37
22666000.0,0.00831803,1,1669421560227001,2022-11-26 00:12:40
22674000.0,0.08884071,1,1669421560227000,2022-11-26 00:12:40
22665000.0,0.01323626,1,1669421562756000,2022-11-26 00:12:42
22665000.0,0.01766679,1,1669421562343000,2022-11-26 00:12:42
22665000.0,0.002,1,1669421562756001,2022-11-26 00:12:42
22664000.0,0.03709082,1,1669421562756003,2022-11-26 00:12:42
22665000.0,0.00088241,1,1669421562756004,2022-11-26 00:12:42
22665000.0,0.00132362,1,1669421562756005,2022-11-26 00:12:42
22665000.0,0.00730064,1,1669421562756002,2022-11-26 00:12:42
22679000.0,0.00070223,0,1669421563566000,2022-11-26 00:12:43
22674000.0,0.01192,0,1669421568809000,2022-11-26 00:12:48
22665000.0,0.00251,1,1669421572246000,2022-11-26 00:12:52
22665000.0,0.00026232,1,1669421575339000,2022-11-26 00:12:55
22665000.0,0.08680966,1,1669421575730000,2022-11-26 00:12:55
22665000.0,0.01163277,1,1669421575339001,2022-11-26 00:12:55
22665000.0,0.15188987,1,1669421576499000,2022-11-26 00:12:56
22674000.0,0.01779827,0,1669421576791000,2022-11-26 00:12:56
22674000.0,0.00044103,0,1669421577787000,2022-11-26 00:12:57
22666000.0,0.04849098,1,1669421581019000,2022-11-26 00:13:01
22674000.0,0.00417249,0,1669421583077000,2022-11-26 00:13:03
22674000.0,0.00417249,0,1669421583262000,2022-11-26 00:13:03
22674000.0,0.00363336,0,1669421585187001,2022-11-26 00:13:05
22679000.0,0.01299611,0,1669421585187000,2022-11-26 00:13:05
22665000.0,0.41874587,1,1669421586717000,2022-11-26 00:13:06
22666000.0,0.05993314,1,1669421586717001,2022-11-26 00:13:06
22665000.0,0.00220594,0,1669421587944000,2022-11-26 00:13:07
22664000.0,0.00937061,1,1669421590602000,2022-11-26 00:13:10
22665000.0,0.008,0,1669421590171000,2022-11-26 00:13:10
22665000.0,0.02223523,0,1669421591514000,2022-11-26 00:13:11
22665000.0,0.1296,0,1669421593884000,2022-11-26 00:13:13
22664000.0,0.17666785,1,1669421594028000,2022-11-26 00:13:14
22664000.0,0.01017851,1,1669421594258000,2022-11-26 00:13:14
22665000.0,0.00167472,0,1669421594771000,2022-11-26 00:13:14
22665000.0,0.05708305,0,1669421596192000,2022-11-26 00:13:16
22665000.0,0.0054013,0,1669421596767000,2022-11-26 00:13:16
22665000.0,1.0,0,1669421597336000,2022-11-26 00:13:17
22665000.0,0.00088241,0,1669421598750000,2022-11-26 00:13:18
22665000.0,0.06378703,0,1669421599789000,2022-11-26 00:13:19
22665000.0,0.23045131,0,1669421601522000,2022-11-26 00:13:21
22665000.0,0.01348335,0,1669421601522001,2022-11-26 00:13:21
22665000.0,0.0290526,0,1669421601522002,2022-11-26 00:13:21
22665000.0,0.00270877,0,1669421601522003,2022-11-26 00:13:21
22665000.0,0.00379,1,1669421607138000,2022-11-26 00:13:27
22665000.0,0.02394849,1,1669421608975000,2022-11-26 00:13:28
22665000.0,0.04725752,1,1669421610317000,2022-11-26 00:13:30
22679000.0,0.0244323,0,1669421612631000,2022-11-26 00:13:32
22679000.0,0.01815759,0,1669421614859000,2022-11-26 00:13:34
22666000.0,0.00058057,1,1669421615639000,2022-11-26 00:13:35
22666000.0,0.00058057,1,1669421616162000,2022-11-26 00:13:36
22665000.0,0.11116461,1,1669421617028001,2022-11-26 00:13:37
22666000.0,0.06939389,1,1669421617028000,2022-11-26 00:13:37
22665000.0,0.1641525,1,1669421617028002,2022-11-26 00:13:37
22665000.0,0.00507842,1,1669421618104000,2022-11-26 00:13:38
22665000.0,0.01722559,1,1669421627861001,2022-11-26 00:13:47
22666000.0,0.0004412,1,1669421627861000,2022-11-26 00:13:47
22666000.0,0.00440968,1,1669421629032001,2022-11-26 00:13:49
22665000.0,0.01767381,1,1669421629032000,2022-11-26 00:13:49
22665000.0,0.00440988,1,1669421631079000,2022-11-26 00:13:51
22664000.0,0.08833393,1,1669421631277000,2022-11-26 00:13:51
22665000.0,0.01636388,1,1669421631079002,2022-11-26 00:13:51
22665000.0,0.00088237,1,1669421631079001,2022-11-26 00:13:51
22665000.0,0.00132362,1,1669421631079004,2022-11-26 00:13:51
22665000.0,0.002,1,1669421631079005,2022-11-26 00:13:51
22665000.0,0.01323626,1,1669421631079003,2022-11-26 00:13:51
22665000.0,0.00862563,0,1669421633016000,2022-11-26 00:13:53
22665000.0,0.10736961,0,1669421634281001,2022-11-26 00:13:54
22665000.0,0.00503039,0,1669421634281000,2022-11-26 00:13:54
22664000.0,0.04859009,1,1669421635665000,2022-11-26 00:13:55
22665000.0,0.04107758,0,1669421638089000,2022-11-26 00:13:58
22664000.0,0.02424084,1,1669421642473000,2022-11-26 00:14:02
22665000.0,0.00155281,0,1669421643255001,2022-11-26 00:14:03
22665000.0,0.00026316,0,1669421643255000,2022-11-26 00:14:03
22664000.0,0.20827074,1,1669421648201001,2022-11-26 00:14:08
22664000.0,0.08820157,1,1669421648201002,2022-11-26 00:14:08
22664000.0,0.02565252,1,1669421648201000,2022-11-26 00:14:08
22664000.0,0.04844683,1,1669421648201004,2022-11-26 00:14:08
22664000.0,0.01,1,1669421648201003,2022-11-26 00:14:08
22665000.0,0.00893944,0,1669421650123001,2022-11-26 00:14:10
22665000.0,0.01776415,0,1669421650123000,2022-11-26 00:14:10
22664000.0,0.00375897,1,1669421650689000,2022-11-26 00:14:10
22664000.0,0.01119804,1,1669421656174000,2022-11-26 00:14:16
22665000.0,0.0485418,0,1669421665687000,2022-11-26 00:14:25
22665000.0,0.03613106,0,1669421666383000,2022-11-26 00:14:26
22665000.0,0.00035581,0,1669421667351001,2022-11-26 00:14:27
22665000.0,0.04756299,0,1669421667351000,2022-11-26 00:14:27
22665000.0,0.00490772,0,1669421667351002,2022-11-26 00:14:27
22665000.0,0.02532908,0,1669421676874000,2022-11-26 00:14:36
22665000.0,0.02749744,1,1669421676277000,2022-11-26 00:14:36
22675000.0,0.0242883,0,1669421676991000,2022-11-26 00:14:36
22665000.0,0.01294462,1,1669421682795000,2022-11-26 00:14:42
22665000.0,0.00582514,1,1669421686979001,2022-11-26 00:14:46
22664000.0,0.08257167,1,1669421686979000,2022-11-26 00:14:46
22675000.0,0.01,0,1669421686601000,2022-11-26 00:14:46
22664000.0,0.02755902,1,1669421688084003,2022-11-26 00:14:48
22664000.0,0.02520058,1,1669421688084000,2022-11-26 00:14:48
22662000.0,0.00220633,1,1669421688084001,2022-11-26 00:14:48
22661000.0,0.00247761,1,1669421688084002,2022-11-26 00:14:48
22664000.0,0.00220614,1,1669421688084004,2022-11-26 00:14:48
22664000.0,0.00441267,1,1669421688084006,2022-11-26 00:14:48
22662000.0,0.04638745,1,1669421688084007,2022-11-26 00:14:48
22662000.0,0.01,1,1669421688084008,2022-11-26 00:14:48
22664000.0,0.00120795,1,1669421688084009,2022-11-26 00:14:48
22662000.0,0.0005871,1,1669421688084005,2022-11-26 00:14:48
22664000.0,6.152e-05,1,1669421691970001,2022-11-26 00:14:51
22665000.0,0.00264725,1,1669421691970000,2022-11-26 00:14:51
22664000.0,0.10484893,1,1669421693693000,2022-11-26 00:14:53
22675000.0,0.01801514,0,1669421693047000,2022-11-26 00:14:53
22676000.0,0.00662047,0,1669421693047001,2022-11-26 00:14:53
22676000.0,0.00913395,0,1669421693047003,2022-11-26 00:14:53
22676000.0,0.09826868,0,1669421693047002,2022-11-26 00:14:53
22679000.0,0.01955034,0,1669421693047005,2022-11-26 00:14:53
22675000.0,0.02679506,0,1669421693047006,2022-11-26 00:14:53
22680000.0,0.04409172,0,1669421693047007,2022-11-26 00:14:53
22681000.0,0.0399763,0,1669421693047004,2022-11-26 00:14:53
22664000.0,0.02749744,1,1669421694463000,2022-11-26 00:14:54
22665000.0,0.00044447,0,1669421696858000,2022-11-26 00:14:56
22665000.0,0.218,0,1669421697030000,2022-11-26 00:14:57
22681000.0,0.29164842,0,1669421698265001,2022-11-26 00:14:58
22665000.0,0.00050247,0,1669421698265000,2022-11-26 00:14:58
22680000.0,0.00499593,0,1669421703803000,2022-11-26 00:15:03
22680000.0,0.00919757,0,1669421704606000,2022-11-26 00:15:04
22680000.0,0.01456448,0,1669421706976000,2022-11-26 00:15:06
22680000.0,0.00481171,1,1669421707512000,2022-11-26 00:15:07
22680000.0,0.1037,1,1669421707230000,2022-11-26 00:15:07
22680000.0,0.13291345,1,1669421707587000,2022-11-26 00:15:07
22680000.0,0.02267699,0,1669421708186000,2022-11-26 00:15:08
22680000.0,0.05714689,0,1669421709474000,2022-11-26 00:15:09
22680000.0,0.04665749,1,1669421710404001,2022-11-26 00:15:10
22680000.0,0.02304251,1,1669421710404000,2022-11-26 00:15:10
22680000.0,0.00564744,1,1669421711994000,2022-11-26 00:15:11
22680000.0,0.002,1,1669421711888000,2022-11-26 00:15:11
22680000.0,0.3007,1,1669421712409000,2022-11-26 00:15:12
22680000.0,0.05915024,1,1669421713004000,2022-11-26 00:15:13
22680000.0,0.01095163,0,1669421719546000,2022-11-26 00:15:19
22680000.0,0.00110229,0,1669421721606000,2022-11-26 00:15:21
22680000.0,0.00378734,0,1669421730091001,2022-11-26 00:15:30
22680000.0,0.00062002,0,1669421730091000,2022-11-26 00:15:30
22680000.0,0.00026886,0,1669421730944000,2022-11-26 00:15:30
22680000.0,0.0151,1,1669421731372000,2022-11-26 00:15:31
22680000.0,0.00717641,1,1669421732129000,2022-11-26 00:15:32
22680000.0,0.0044119,1,1669421732581000,2022-11-26 00:15:32
22680000.0,0.00039322,1,1669421732323000,2022-11-26 00:15:32
22680000.0,6.513e-05,1,1669421733589000,2022-11-26 00:15:33
22680000.0,0.00993487,1,1669421733391002,2022-11-26 00:15:33
22680000.0,0.02204585,1,1669421733391001,2022-11-26 00:15:33
22680000.0,0.01671928,1,1669421733391000,2022-11-26 00:15:33
22680000.0,0.00964024,0,1669421737243000,2022-11-26 00:15:37
22680000.0,0.01385499,0,1669421747350002,2022-11-26 00:15:47
22681000.0,0.01014151,0,1669421747350001,2022-11-26 00:15:47
22680000.0,0.00043979,0,1669421747350000,2022-11-26 00:15:47
22665000.0,0.04413841,1,1669421749451001,2022-11-26 00:15:49
22665000.0,0.01764913,1,1669421749451000,2022-11-26 00:15:49
22665000.0,0.00869649,0,1669421750823000,2022-11-26 00:15:50
22680000.0,0.0132,1,1669421755049000,2022-11-26 00:15:55
22665000.0,0.05013076,1,1669421762624001,2022-11-26 00:16:02
22664000.0,0.01598221,1,1669421762624000,2022-11-26 00:16:02
22664000.0,0.02646806,1,1669421762827000,2022-11-26 00:16:02
22680000.0,2.751e-05,1,1669421762624002,2022-11-26 00:16:02
22664000.0,0.02602446,1,1669421767476001,2022-11-26 00:16:07
22665000.0,0.02204585,1,1669421767476000,2022-11-26 00:16:07
22665000.0,0.02424631,1,1669421769226000,2022-11-26 00:16:09
22681000.0,0.07545748,0,1669421769967001,2022-11-26 00:16:09
22681000.0,0.00308542,0,1669421769967000,2022-11-26 00:16:09
22681000.0,0.00026012,0,1669421770181000,2022-11-26 00:16:10
22681000.0,0.00026012,0,1669421770393000,2022-11-26 00:16:10
22681000.0,0.13502071,0,1669421778297000,2022-11-26 00:16:18
22681000.0,0.04625078,0,1669421778142001,2022-11-26 00:16:18
22680000.0,0.04637681,0,1669421778142000,2022-11-26 00:16:18
22681000.0,0.02327075,0,1669421780597000,2022-11-26 00:16:20
22680000.0,0.019,1,1669421785663000,2022-11-26 00:16:25
22680000.0,0.12541637,1,1669421786732000,2022-11-26 00:16:26
22680000.0,0.00435436,1,1669421789421000,2022-11-26 00:16:29
22680000.0,0.11683254,1,1669421795705001,2022-11-26 00:16:35
22680000.0,0.05176396,1,1669421795705000,2022-11-26 00:16:35
22680000.0,0.02,0,1669421798396000,2022-11-26 00:16:38
22680000.0,0.02,0,1669421802834000,2022-11-26 00:16:42
22680000.0,0.00718961,0,1669421803347000,2022-11-26 00:16:43
22680000.0,0.00220348,0,1669421807344000,2022-11-26 00:16:47
22680000.0,0.01102292,0,1669421809664000,2022-11-26 00:16:49
22676000.0,0.0004394,1,1669421809184000,2022-11-26 00:16:49
22676000.0,0.01363981,1,1669421809184001,2022-11-26 00:16:49
22666000.0,0.01603503,1,1669421809184002,2022-11-26 00:16:49
22680000.0,0.1168715,0,1669421811337000,2022-11-26 00:16:51
22680000.0,0.04409171,0,1669421815644000,2022-11-26 00:16:55
22679000.0,0.00948648,1,1669421819539000,2022-11-26 00:16:59
22679000.0,0.01583893,1,1669421821234000,2022-11-26 00:17:01
22680000.0,0.2419758,0,1669421826366000,2022-11-26 00:17:06
22680000.0,0.0316194,0,1669421832889000,2022-11-26 00:17:12
22680000.0,0.00165512,0,1669421832889001,2022-11-26 00:17:12
22679000.0,0.00165512,1,1669421832591000,2022-11-26 00:17:12
22680000.0,0.29446297,0,1669421832889003,2022-11-26 00:17:12
22680000.0,0.0105,0,1669421832889004,2022-11-26 00:17:12
22680000.0,0.03558567,0,1669421832889002,2022-11-26 00:17:12
22680000.0,0.06665325,1,1669421833540001,2022-11-26 00:17:13
22679000.0,0.08375619,1,1669421833540000,2022-11-26 00:17:13
22680000.0,0.00173571,1,1669421838245000,2022-11-26 00:17:18
22681000.0,0.00176374,0,1669421844834000,2022-11-26 00:17:24
22680000.0,0.06685573,1,1669421851459002,2022-11-26 00:17:31
22680000.0,0.00493227,1,1669421851459001,2022-11-26 00:17:31
22680000.0,0.00267346,1,1669421851459000,2022-11-26 00:17:31
22681000.0,0.03258275,0,1669421853360000,2022-11-26 00:17:33
22680000.0,0.00920703,1,1669421856495000,2022-11-26 00:17:36
22680000.0,0.00342553,1,1669421856495001,2022-11-26 00:17:36
22681000.0,0.024141,0,1669421858837000,2022-11-26 00:17:38
22680000.0,0.02171304,1,1669421864545002,2022-11-26 00:17:44
22680000.0,0.00079297,1,1669421864545001,2022-11-26 00:17:44
22680000.0,0.00440917,1,1669421864545000,2022-11-26 00:17:44
22680000.0,0.03084741,0,1669421867947000,2022-11-26 00:17:47
22680000.0,0.14922167,0,1669421869066000,2022-11-26 00:17:49
22680000.0,0.0411679,1,1669421870626000,2022-11-26 00:17:50
22680000.0,0.01214859,1,1669421871879000,2022-11-26 00:17:51
22681000.0,0.00220448,0,1669421873802000,2022-11-26 00:17:53
22680000.0,0.00801,1,1669421874130000,2022-11-26 00:17:54
22681000.0,0.00809,0,1669421879876000,2022-11-26 00:17:59
22681000.0,0.26341026,0,1669421881165000,2022-11-26 00:18:01
22681000.0,0.0002632,0,1669421882900000,2022-11-26 00:18:02
22680000.0,0.024141,1,1669421882233000,2022-11-26 00:18:02
22680000.0,0.01132855,1,1669421886578001,2022-11-26 00:18:06
22680000.0,0.00182424,1,1669421886578000,2022-11-26 00:18:06
22681000.0,0.08472814,0,1669421887737000,2022-11-26 00:18:07
22681000.0,0.02645271,0,1669421895645000,2022-11-26 00:18:15
22681000.0,0.0037461,0,1669421900299000,2022-11-26 00:18:20
22680000.0,0.01308403,1,1669421901225000,2022-11-26 00:18:21
22681000.0,0.08817953,0,1669421901161000,2022-11-26 00:18:21
22681000.0,0.02890206,0,1669421903170000,2022-11-26 00:18:23
22681000.0,0.00044089,0,1669421904028000,2022-11-26 00:18:24
22681000.0,0.01510941,0,1669421906081000,2022-11-26 00:18:26
22681000.0,0.00604127,0,1669421908927000,2022-11-26 00:18:28
22681000.0,0.01102926,0,1669421908927001,2022-11-26 00:18:28
22681000.0,0.0004409,0,1669421908927002,2022-11-26 00:18:28
22681000.0,0.02535045,0,1669421908927003,2022-11-26 00:18:28
22681000.0,0.00110225,0,1669421908927004,2022-11-26 00:18:28
22681000.0,0.00064067,0,1669421908927009,2022-11-26 00:18:28
22681000.0,0.02063457,0,1669421908927006,2022-11-26 00:18:28
22681000.0,0.13294,0,1669421908927007,2022-11-26 00:18:28
22681000.0,0.00042435,0,1669421908927008,2022-11-26 00:18:28
22681000.0,0.15,0,1669421908927005,2022-11-26 00:18:28
22681000.0,0.09391248,1,1669421910559000,2022-11-26 00:18:30
22682000.0,0.18807904,0,1669421914811001,2022-11-26 00:18:34
22682000.0,0.00331265,0,1669421914811000,2022-11-26 00:18:34
22681000.0,0.04481235,1,1669421916134000,2022-11-26 00:18:36
22682000.0,0.00030852,0,1669421918163000,2022-11-26 00:18:38
22682000.0,0.1054396,0,1669421918992000,2022-11-26 00:18:38
22682000.0,0.00022396,0,1669421920929000,2022-11-26 00:18:40
22681000.0,0.21921144,1,1669421921494000,2022-11-26 00:18:41
22682000.0,0.14126382,0,1669421927536000,2022-11-26 00:18:47
22682000.0,0.00044088,1,1669421930661000,2022-11-26 00:18:50
22682000.0,0.0219359,1,1669421932368000,2022-11-26 00:18:52
22686000.0,0.0014347,0,1669421933374001,2022-11-26 00:18:53
22686000.0,0.0095798,0,1669421933374000,2022-11-26 00:18:53
22686000.0,0.00352005,0,1669421936741000,2022-11-26 00:18:56
22686000.0,0.08817564,0,1669421936585000,2022-11-26 00:18:56
22686000.0,0.08817564,0,1669421937790000,2022-11-26 00:18:57
22686000.0,0.0079374,0,1669421938924000,2022-11-26 00:18:58
22682000.0,0.01666519,1,1669421939457000,2022-11-26 00:18:59
22682000.0,0.00726,1,1669421939378000,2022-11-26 00:18:59
22682000.0,0.0897358,1,1669421939261000,2022-11-26 00:18:59
22682000.0,0.01472854,1,1669421940826000,2022-11-26 00:19:00
22682000.0,0.00538234,1,1669421940284000,2022-11-26 00:19:00
22686000.0,0.00176232,0,1669421941514000,2022-11-26 00:19:01
22686000.0,0.23700382,0,1669421948873000,2022-11-26 00:19:08
22682000.0,0.13021235,1,1669421954603002,2022-11-26 00:19:14
22682000.0,0.08817564,1,1669421954603001,2022-11-26 00:19:14
22682000.0,0.0460923,1,1669421954603000,2022-11-26 00:19:14
22686000.0,0.004408,0,1669421954570000,2022-11-26 00:19:14
22682000.0,0.01902134,1,1669421955716000,2022-11-26 00:19:15
22686000.0,0.00052499,0,1669421955055000,2022-11-26 00:19:15
22686000.0,0.02317398,0,1669421959705002,2022-11-26 00:19:19
22686000.0,0.00031293,0,1669421959705001,2022-11-26 00:19:19
22686000.0,0.02616087,0,1669421959705000,2022-11-26 00:19:19
22692000.0,0.00367503,0,1669421960953000,2022-11-26 00:19:20
22692000.0,0.02463186,0,1669421960805001,2022-11-26 00:19:20
22688000.0,0.00215205,0,1669421960805000,2022-11-26 00:19:20
22686000.0,0.01904151,1,1669421961705000,2022-11-26 00:19:21
22692000.0,0.85352733,0,1669421962859000,2022-11-26 00:19:22
22686000.0,0.01816415,1,1669421962354000,2022-11-26 00:19:22
22692000.0,0.0305,1,1669421963031000,2022-11-26 00:19:23
22692000.0,0.0173,1,1669421965015000,2022-11-26 00:19:25
22696000.0,0.15,0,1669421966961001,2022-11-26 00:19:26
22696000.0,0.00025051,0,1669421966961000,2022-11-26 00:19:26
22692000.0,0.46998746,1,1669421967037001,2022-11-26 00:19:27
22696000.0,0.01491254,1,1669421967037000,2022-11-26 00:19:27
22692000.0,0.00889846,1,1669421967859000,2022-11-26 00:19:27
22692000.0,0.01322402,1,1669421968031000,2022-11-26 00:19:28
22697000.0,0.05307675,0,1669421969790000,2022-11-26 00:19:29
22692000.0,0.013,1,1669421969028000,2022-11-26 00:19:29
22697000.0,0.02202934,0,1669421971386000,2022-11-26 00:19:31
22692000.0,0.3453,1,1669421971032000,2022-11-26 00:19:31
22697000.0,0.04427695,0,1669421973425000,2022-11-26 00:19:33
22692000.0,0.0107,1,1669421973041000,2022-11-26 00:19:33
22692000.0,0.0631,1,1669421975056000,2022-11-26 00:19:35
22697000.0,0.08377676,0,1669421975055000,2022-11-26 00:19:35
22692000.0,0.1648,1,1669421977052000,2022-11-26 00:19:37
22692000.0,9.603e-05,1,1669421980995001,2022-11-26 00:19:40
22692000.0,0.08496971,1,1669421980995000,2022-11-26 00:19:40
22692000.0,0.0015417,1,1669421984042000,2022-11-26 00:19:44
22692000.0,0.03972859,1,1669421987127000,2022-11-26 00:19:47
22692000.0,0.0206234,1,1669421988019000,2022-11-26 00:19:48
22696000.0,0.00044069,1,1669421992901000,2022-11-26 00:19:52
22696000.0,0.04571018,0,1669421992790000,2022-11-26 00:19:52
22696000.0,0.02172091,0,1669421992273000,2022-11-26 00:19:52
22696000.0,0.00289016,1,1669421993491000,2022-11-26 00:19:53
22696000.0,0.00427792,0,1669421994882001,2022-11-26 00:19:54
22696000.0,0.03438106,0,1669421994882000,2022-11-26 00:19:54
22696000.0,0.00894376,1,1669421994326000,2022-11-26 00:19:54
22696000.0,0.07830403,0,1669421999328000,2022-11-26 00:19:59
22696000.0,0.01430075,0,1669422001693000,2022-11-26 00:20:01
22696000.0,0.03659041,0,1669422002731001,2022-11-26 00:20:02
22696000.0,0.09363377,0,1669422002731000,2022-11-26 00:20:02
22698000.0,0.0055795,0,1669422003576000,2022-11-26 00:20:03
22699000.0,0.02415624,0,1669422003576001,2022-11-26 00:20:03
22696000.0,0.0096,1,1669422004699000,2022-11-26 00:20:04
22699000.0,0.022,1,1669422005923000,2022-11-26 00:20:05
22699000.0,0.04405481,0,1669422005615001,2022-11-26 00:20:05
22699000.0,0.02742533,0,1669422005615000,2022-11-26 00:20:05
22699000.0,0.0097,1,1669422006752000,2022-11-26 00:20:06
22699000.0,0.007,1,1669422006703000,2022-11-26 00:20:06
22699000.0,0.03673117,1,1669422006662001,2022-11-26 00:20:06
22699000.0,0.00731883,1,1669422006662000,2022-11-26 00:20:06
22699000.0,0.00030852,1,1669422007057000,2022-11-26 00:20:07
22700000.0,0.0004403,0,1669422008556000,2022-11-26 00:20:08
22699000.0,0.012,1,1669422008719000,2022-11-26 00:20:08
22699000.0,0.01018526,1,1669422010134000,2022-11-26 00:20:10
22699000.0,0.0096,1,1669422010719000,2022-11-26 00:20:10
22699000.0,0.00573083,1,1669422011833000,2022-11-26 00:20:11
22699000.0,0.0089,1,1669422012726000,2022-11-26 00:20:12
22699000.0,0.0169,1,1669422016692000,2022-11-26 00:20:16
22699000.0,0.1317,1,1669422018735000,2022-11-26 00:20:18
22699000.0,0.07886388,1,1669422020547000,2022-11-26 00:20:20
22699000.0,0.00866987,1,1669422020469000,2022-11-26 00:20:20
22700000.0,0.32804187,0,1669422021095000,2022-11-26 00:20:21
22699000.0,0.0089,1,1669422021010000,2022-11-26 00:20:21
22699000.0,0.0089,1,1669422022971000,2022-11-26 00:20:22
22699000.0,0.00174498,1,1669422023766000,2022-11-26 00:20:23
22699000.0,0.00044068,1,1669422023640002,2022-11-26 00:20:23
22699000.0,0.05052278,1,1669422023640001,2022-11-26 00:20:23
22699000.0,0.04553654,1,1669422023640000,2022-11-26 00:20:23
22696000.0,0.04802074,1,1669422024108003,2022-11-26 00:20:24
22692000.0,0.00180393,1,1669422024108002,2022-11-26 00:20:24
22699000.0,0.06777147,1,1669422024108001,2022-11-26 00:20:24
22696000.0,0.00440386,1,1669422024108000,2022-11-26 00:20:24
22698000.0,0.06844618,0,1669422026962001,2022-11-26 00:20:26
22698000.0,0.00264341,0,1669422026962000,2022-11-26 00:20:26
22698000.0,0.03198277,0,1669422028037000,2022-11-26 00:20:28
22698000.0,0.04957105,0,1669422029912000,2022-11-26 00:20:29
22698000.0,0.0089,1,1669422030156000,2022-11-26 00:20:30
22698000.0,0.03972998,1,1669422031678000,2022-11-26 00:20:31
22698000.0,0.00674028,1,1669422032902001,2022-11-26 00:20:32
22692000.0,0.08875972,1,1669422032902000,2022-11-26 00:20:32
22698000.0,0.0096,1,1669422033866000,2022-11-26 00:20:33
22698000.0,0.077,1,1669422035937000,2022-11-26 00:20:35
22698000.0,0.01955628,1,1669422039926000,2022-11-26 00:20:39
22698000.0,0.07028823,1,1669422040226001,2022-11-26 00:20:40
22698000.0,0.00719769,1,1669422040226000,2022-11-26 00:20:40
22693000.0,0.01108257,1,1669422042287000,2022-11-26 00:20:42
22698000.0,0.07656355,0,1669422042848000,2022-11-26 00:20:42
22698000.0,0.0006632,0,1669422042848001,2022-11-26 00:20:42
22693000.0,0.01102979,1,1669422042208000,2022-11-26 00:20:42
22693000.0,0.00153095,1,1669422043872001,2022-11-26 00:20:43
22698000.0,0.00417762,1,1669422043872000,2022-11-26 00:20:43
22698000.0,0.00860967,1,1669422043790001,2022-11-26 00:20:43
22698000.0,0.00244071,1,1669422043790000,2022-11-26 00:20:43
22698000.0,0.019,1,1669422043594000,2022-11-26 00:20:43
22693000.0,0.00163463,1,1669422045177001,2022-11-26 00:20:45
22693000.0,0.02040111,1,1669422045177000,2022-11-26 00:20:45
22693000.0,0.0199552,1,1669422049170000,2022-11-26 00:20:49
22693000.0,0.0691,1,1669422053235000,2022-11-26 00:20:53
22692000.0,0.07817817,1,1669422054552000,2022-11-26 00:20:54
22693000.0,2.425e-05,1,1669422054552001,2022-11-26 00:20:54
22692000.0,0.44090417,1,1669422057187001,2022-11-26 00:20:57
22692000.0,0.01964543,1,1669422057187000,2022-11-26 00:20:57
22692000.0,0.00130705,0,1669422057875000,2022-11-26 00:20:57
22692000.0,0.00034468,1,1669422061357002,2022-11-26 00:21:01
22686000.0,0.01763201,1,1669422061357001,2022-11-26 00:21:01
22686000.0,0.05418638,1,1669422061357000,2022-11-26 00:21:01
22686000.0,0.00044081,1,1669422066596002,2022-11-26 00:21:06
22686000.0,0.0550335,1,1669422066596001,2022-11-26 00:21:06
22686000.0,0.01475807,1,1669422066596000,2022-11-26 00:21:06
22686000.0,0.00198219,1,1669422070856000,2022-11-26 00:21:10
22686000.0,0.0015417,1,1669422071739000,2022-11-26 00:21:11
22692000.0,0.000344,0,1669422071336000,2022-11-26 00:21:11
22687000.0,0.03821538,1,1669422075087000,2022-11-26 00:21:15
22687000.0,0.0298172,1,1669422080583000,2022-11-26 00:21:20
22687000.0,0.00559849,1,1669422084651001,2022-11-26 00:21:24
22687000.0,0.00688059,1,1669422084651000,2022-11-26 00:21:24
22687000.0,0.0012512,1,1669422086168000,2022-11-26 00:21:26
22687000.0,0.00423575,1,1669422088316000,2022-11-26 00:21:28
22687000.0,0.07492681,1,1669422088582001,2022-11-26 00:21:28
22687000.0,0.17332382,1,1669422088582000,2022-11-26 00:21:28
22686000.0,0.15418143,1,1669422088582003,2022-11-26 00:21:28
22686000.0,0.16933109,1,1669422088582002,2022-11-26 00:21:28
22686000.0,0.05096522,1,1669422090994000,2022-11-26 00:21:30
22692000.0,0.00220341,0,1669422090369000,2022-11-26 00:21:30
22686000.0,0.08336028,0,1669422091095000,2022-11-26 00:21:31
22686000.0,0.21165446,0,1669422095575000,2022-11-26 00:21:35
22686000.0,0.03799034,0,1669422100909000,2022-11-26 00:21:40
22682000.0,0.03474584,1,1669422101214000,2022-11-26 00:21:41
22686000.0,0.12556537,0,1669422102625000,2022-11-26 00:21:42
22686000.0,0.0132174,0,1669422102161000,2022-11-26 00:21:42
22686000.0,0.0022029,0,1669422102106000,2022-11-26 00:21:42
22686000.0,0.05681742,0,1669422103946000,2022-11-26 00:21:43
22682000.0,0.03305873,1,1669422107305000,2022-11-26 00:21:47
22686000.0,0.0022029,0,1669422109664000,2022-11-26 00:21:49
22686000.0,0.00605147,0,1669422110751001,2022-11-26 00:21:50
22686000.0,0.0102681,0,1669422110751000,2022-11-26 00:21:50
22682000.0,0.00494005,1,1669422111606000,2022-11-26 00:21:51
22682000.0,0.02093314,1,1669422111488000,2022-11-26 00:21:51
22686000.0,0.00749003,0,1669422116083000,2022-11-26 00:21:56
22682000.0,0.0195674,1,1669422117312000,2022-11-26 00:21:57
22683000.0,0.10209361,1,1669422124172001,2022-11-26 00:22:04
22682000.0,0.0009138,1,1669422124172000,2022-11-26 00:22:04
22682000.0,0.00286209,1,1669422125797000,2022-11-26 00:22:05
22682000.0,0.00554207,1,1669422129273000,2022-11-26 00:22:09
22682000.0,0.00448875,1,1669422130068000,2022-11-26 00:22:10
22686000.0,0.00343937,0,1669422131148000,2022-11-26 00:22:11
22682000.0,0.08225013,1,1669422134903000,2022-11-26 00:22:14
22683000.0,0.02099386,1,1669422138197000,2022-11-26 00:22:18
22683000.0,0.03739749,1,1669422138119000,2022-11-26 00:22:18
22683000.0,0.06162237,1,1669422143510000,2022-11-26 00:22:23
22686000.0,0.00884544,0,1669422146583001,2022-11-26 00:22:26
22686000.0,0.00035271,0,1669422146583002,2022-11-26 00:22:26
22686000.0,0.10865571,0,1669422146583000,2022-11-26 00:22:26
22686000.0,0.00022041,0,1669422146583004,2022-11-26 00:22:26
22686000.0,0.04437382,0,1669422146583003,2022-11-26 00:22:26
22686000.0,0.16769387,1,1669422147920000,2022-11-26 00:22:27
22686000.0,0.04785436,1,1669422148966000,2022-11-26 00:22:28
22686000.0,0.05142543,1,1669422150280000,2022-11-26 00:22:30
22687000.0,0.14029901,0,1669422152971003,2022-11-26 00:22:32
22686000.0,0.0021978,0,1669422152971002,2022-11-26 00:22:32
22687000.0,0.00264072,0,1669422152971001,2022-11-26 00:22:32
22686000.0,0.04379398,0,1669422152971000,2022-11-26 00:22:32
22686000.0,0.00349174,1,1669422152371000,2022-11-26 00:22:32
22692000.0,0.02298982,0,1669422158467000,2022-11-26 00:22:38
22692000.0,0.00066685,0,1669422158467001,2022-11-26 00:22:38
22698000.0,0.41311436,0,1669422158467002,2022-11-26 00:22:38
22692000.0,0.04510003,0,1669422158467003,2022-11-26 00:22:38
22698000.0,0.01206555,0,1669422176988000,2022-11-26 00:22:56
22692000.0,0.15017443,1,1669422178413000,2022-11-26 00:22:58
22692000.0,0.01093326,1,1669422181597000,2022-11-26 00:23:01
22698000.0,0.04159352,0,1669422181520000,2022-11-26 00:23:01
22692000.0,0.01590808,1,1669422182188000,2022-11-26 00:23:02
22698000.0,0.00092239,0,1669422182294000,2022-11-26 00:23:02
22693000.0,0.00220332,1,1669422185800000,2022-11-26 00:23:05
22692000.0,0.00702347,1,1669422185800001,2022-11-26 00:23:05
22692000.0,0.08544608,1,1669422186813000,2022-11-26 00:23:06
22692000.0,0.0097,1,1669422189362000,2022-11-26 00:23:09
22698000.0,0.00044056,0,1669422190539000,2022-11-26 00:23:10
22692000.0,0.0093,1,1669422194218000,2022-11-26 00:23:14
22698000.0,0.01321702,0,1669422196923000,2022-11-26 00:23:16
22692000.0,0.00044894,1,1669422196340002,2022-11-26 00:23:16
22692000.0,0.00088136,1,1669422196340001,2022-11-26 00:23:16
22692000.0,0.0163697,1,1669422196340000,2022-11-26 00:23:16
22692000.0,0.00960979,1,1669422200959001,2022-11-26 00:23:20
22692000.0,9.021e-05,1,1669422200959000,2022-11-26 00:23:20
22692000.0,6.261e-05,1,1669422205814000,2022-11-26 00:23:25
22692000.0,0.00722307,0,1669422208160000,2022-11-26 00:23:28
22692000.0,0.02276054,0,1669422210406000,2022-11-26 00:23:30
22692000.0,0.002,1,1669422212078000,2022-11-26 00:23:32
22692000.0,0.00633084,1,1669422212115000,2022-11-26 00:23:32
22692000.0,0.00338096,1,1669422212115002,2022-11-26 00:23:32
22692000.0,0.0052882,1,1669422212115001,2022-11-26 00:23:32
22692000.0,0.01280445,1,1669422213920000,2022-11-26 00:23:33
22692000.0,0.01289157,1,1669422213723000,2022-11-26 00:23:33
22692000.0,0.00636764,1,1669422215343000,2022-11-26 00:23:35
22692000.0,0.01448757,1,1669422216902000,2022-11-26 00:23:36
22692000.0,0.00440684,1,1669422216395000,2022-11-26 00:23:36
22691000.0,0.03464969,0,1669422217843000,2022-11-26 00:23:37
22687000.0,0.03873259,1,1669422218265001,2022-11-26 00:23:38
22692000.0,0.00942841,1,1669422218265000,2022-11-26 00:23:38
22687000.0,0.02302414,1,1669422220915000,2022-11-26 00:23:40
22692000.0,0.00044068,1,1669422224992001,2022-11-26 00:23:44
22692000.0,0.00044333,1,1669422224992000,2022-11-26 00:23:44
22687000.0,0.01352541,1,1669422225086001,2022-11-26 00:23:45
22692000.0,0.00035787,1,1669422225086000,2022-11-26 00:23:45
22687000.0,0.29421378,1,1669422225511000,2022-11-26 00:23:45
22687000.0,0.04159352,1,1669422228630000,2022-11-26 00:23:48
22698000.0,0.04827269,0,1669422239957003,2022-11-26 00:23:59
22698000.0,0.04346234,0,1669422239957002,2022-11-26 00:23:59
22698000.0,0.01109345,0,1669422239957001,2022-11-26 00:23:59
22698000.0,0.0186466,0,1669422239957000,2022-11-26 00:23:59
22687000.0,0.00172,1,1669422246059000,2022-11-26 00:24:06
22687000.0,0.00188623,1,1669422253037002,2022-11-26 00:24:13
22687000.0,0.019156,1,1669422253037001,2022-11-26 00:24:13
22687000.0,0.0551652,1,1669422253037000,2022-11-26 00:24:13
22697000.0,0.002,0,1669422258845000,2022-11-26 00:24:18
22687000.0,0.02015282,1,1669422258251001,2022-11-26 00:24:18
22687000.0,0.02493718,1,1669422258251000,2022-11-26 00:24:18
22697000.0,0.00022039,0,1669422261482000,2022-11-26 00:24:21
22687000.0,0.01280027,1,1669422266561000,2022-11-26 00:24:26
22698000.0,0.01004051,0,1669422269831002,2022-11-26 00:24:29
22697000.0,0.0017449,0,1669422269831001,2022-11-26 00:24:29
22697000.0,0.01699944,0,1669422269831000,2022-11-26 00:24:29
22687000.0,0.01718121,1,1669422277213000,2022-11-26 00:24:37
22687000.0,0.00980985,1,1669422278895000,2022-11-26 00:24:38
22698000.0,0.00326865,0,1669422278873000,2022-11-26 00:24:38
22687000.0,0.00761338,1,1669422278895001,2022-11-26 00:24:38
22687000.0,0.00088487,1,1669422282810000,2022-11-26 00:24:42
22697000.0,0.0155,1,1669422283611000,2022-11-26 00:24:43
22697000.0,0.0111,1,1669422286069000,2022-11-26 00:24:46
22697000.0,0.02878466,1,1669422287149000,2022-11-26 00:24:47
22697000.0,0.00440003,1,1669422288906000,2022-11-26 00:24:48
22698000.0,0.03578993,0,1669422290796000,2022-11-26 00:24:50
22697000.0,0.1268,1,1669422290712000,2022-11-26 00:24:50
22697000.0,0.00741364,1,1669422292890000,2022-11-26 00:24:52
22697000.0,0.04689,1,1669422293266000,2022-11-26 00:24:53
22697000.0,0.0058859,1,1669422293181000,2022-11-26 00:24:53
22697000.0,0.00549333,1,1669422295390000,2022-11-26 00:24:55
22697000.0,0.01062558,1,1669422295339000,2022-11-26 00:24:55
22697000.0,0.1005,1,1669422295255000,2022-11-26 00:24:55
22697000.0,0.00469213,1,1669422295476000,2022-11-26 00:24:55
22698000.0,0.12095022,0,1669422296731000,2022-11-26 00:24:56
22697000.0,0.00472774,1,1669422296115000,2022-11-26 00:24:56
22698000.0,0.02349852,1,1669422296944000,2022-11-26 00:24:56
22698000.0,0.02382952,1,1669422298559000,2022-11-26 00:24:58
22698000.0,0.0064538,1,1669422298831000,2022-11-26 00:24:58
22698000.0,0.01639671,1,1669422298768000,2022-11-26 00:24:58
22698000.0,0.01038766,1,1669422301396000,2022-11-26 00:25:01
22698000.0,0.023,1,1669422303463000,2022-11-26 00:25:03
22698000.0,0.062,1,1669422304339000,2022-11-26 00:25:04
22700000.0,0.15231934,0,1669422305292000,2022-11-26 00:25:05
22700000.0,0.00084506,0,1669422309125000,2022-11-26 00:25:09
22698000.0,0.00736102,1,1669422310202000,2022-11-26 00:25:10
22698000.0,0.00740653,1,1669422310140000,2022-11-26 00:25:10
22698000.0,0.02334122,1,1669422311754000,2022-11-26 00:25:11
22700000.0,0.0056978,0,1669422311655000,2022-11-26 00:25:11
22698000.0,0.0718,1,1669422311643000,2022-11-26 00:25:11
22700000.0,0.01898859,0,1669422312639000,2022-11-26 00:25:12
22700000.0,0.12646148,0,1669422313299000,2022-11-26 00:25:13
22698000.0,0.0004,1,1669422314902000,2022-11-26 00:25:14
22697000.0,0.00044058,1,1669422315725000,2022-11-26 00:25:15
22698000.0,0.05762305,1,1669422315725001,2022-11-26 00:25:15
22697000.0,0.023517,1,1669422315725002,2022-11-26 00:25:15
22687000.0,0.03138124,1,1669422315725003,2022-11-26 00:25:15
22698000.0,0.0106,1,1669422315388000,2022-11-26 00:25:15
22687000.0,0.01279211,1,1669422315725005,2022-11-26 00:25:15
22698000.0,0.01321041,1,1669422315725006,2022-11-26 00:25:15
22698000.0,0.17331165,1,1669422315725007,2022-11-26 00:25:15
22687000.0,0.001,1,1669422315725008,2022-11-26 00:25:15
22687000.0,0.01359584,1,1669422315725004,2022-11-26 00:25:15
22687000.0,0.0215507,1,1669422318381000,2022-11-26 00:25:18
22687000.0,0.01990025,1,1669422319854000,2022-11-26 00:25:19
22687000.0,0.0086751,1,1669422319907001,2022-11-26 00:25:19
22687000.0,0.01807668,1,1669422319907004,2022-11-26 00:25:19
22687000.0,0.00132102,1,1669422319907003,2022-11-26 00:25:19
22687000.0,0.00404559,1,1669422319907002,2022-11-26 00:25:19
22687000.0,0.00881562,1,1669422319907000,2022-11-26 00:25:19
22687000.0,0.00150918,0,1669422320146000,2022-11-26 00:25:20
22685000.0,0.02315,1,1669422328561000,2022-11-26 00:25:28
22687000.0,0.05906237,0,1669422329932000,2022-11-26 00:25:29
22687000.0,0.001,0,1669422330215000,2022-11-26 00:25:30
22685000.0,0.05685,1,1669422333965000,2022-11-26 00:25:33
22685000.0,0.1983459,0,1669422334115001,2022-11-26 00:25:34
22687000.0,0.41014571,0,1669422334115000,2022-11-26 00:25:34
22687000.0,0.51676578,1,1669422336660000,2022-11-26 00:25:36
22700000.0,0.02479249,0,1669422339527000,2022-11-26 00:25:39
22691000.0,0.00248031,1,1669422348315000,2022-11-26 00:25:48
22699000.0,0.12391316,0,1669422352273000,2022-11-26 00:25:52
22698000.0,0.0020373,0,1669422360761000,2022-11-26 00:26:00
22698000.0,0.00856868,0,1669422361800001,2022-11-26 00:26:01
22699000.0,0.03831774,0,1669422361800000,2022-11-26 00:26:01
22699000.0,0.00132164,0,1669422362088000,2022-11-26 00:26:02
22699000.0,0.03758693,0,1669422365654000,2022-11-26 00:26:05
22699000.0,0.00942672,0,1669422366279000,2022-11-26 00:26:06
22698000.0,0.01016535,1,1669422366457000,2022-11-26 00:26:06
22699000.0,0.09344667,0,1669422366969000,2022-11-26 00:26:06
22699000.0,0.00025992,0,1669422366732000,2022-11-26 00:26:06
22699000.0,0.0881096,0,1669422367247000,2022-11-26 00:26:07
22698000.0,0.00536148,1,1669422368173000,2022-11-26 00:26:08
22698000.0,0.00897385,1,1669422368104000,2022-11-26 00:26:08
22699000.0,0.00025992,0,1669422371649000,2022-11-26 00:26:11
22698000.0,0.02494938,1,1669422373376000,2022-11-26 00:26:13
22699000.0,0.00492924,0,1669422374623000,2022-11-26 00:26:14
22699000.0,0.03534195,0,1669422375959000,2022-11-26 00:26:15
22699000.0,0.00723548,0,1669422375959002,2022-11-26 00:26:15
22699000.0,0.00147737,0,1669422375959001,2022-11-26 00:26:15
22699000.0,0.01322567,0,1669422376061000,2022-11-26 00:26:16
22699000.0,0.01480357,0,1669422376061001,2022-11-26 00:26:16
22699000.0,0.00763479,0,1669422380014000,2022-11-26 00:26:20
22698000.0,0.03621,1,1669422382352000,2022-11-26 00:26:22
22699000.0,0.01325288,0,1669422384586001,2022-11-26 00:26:24
22699000.0,0.0011909,0,1669422384586000,2022-11-26 00:26:24
22699000.0,0.023,1,1669422386096000,2022-11-26 00:26:26
22700000.0,0.20606432,0,1669422388681002,2022-11-26 00:26:28
22700000.0,0.75733235,0,1669422388681005,2022-11-26 00:26:28
22700000.0,0.04416509,0,1669422388681000,2022-11-26 00:26:28
22700000.0,0.15575271,0,1669422388681001,2022-11-26 00:26:28
22700000.0,0.34241307,0,1669422388681003,2022-11-26 00:26:28
22700000.0,0.02296585,0,1669422388681006,2022-11-26 00:26:28
22700000.0,0.04408005,0,1669422388681004,2022-11-26 00:26:28
22700000.0,0.00045514,0,1669422388681007,2022-11-26 00:26:28
22700000.0,0.00440529,0,1669422388681008,2022-11-26 00:26:28
22703000.0,0.0220125,0,1669422391925000,2022-11-26 00:26:31
22703000.0,0.01099779,0,1669422391850000,2022-11-26 00:26:31
22703000.0,0.00024229,0,1669422396975000,2022-11-26 00:26:36
22702000.0,0.01903545,0,1669422401096000,2022-11-26 00:26:41
22703000.0,0.01221198,0,1669422401096002,2022-11-26 00:26:41
22703000.0,0.025,0,1669422401096001,2022-11-26 00:26:41
22703000.0,0.02273228,0,1669422401096004,2022-11-26 00:26:41
22703000.0,0.11868543,0,1669422401096003,2022-11-26 00:26:41
22703000.0,0.0056055,1,1669422402538000,2022-11-26 00:26:42
22704000.0,0.00044045,0,1669422403001000,2022-11-26 00:26:43
22703000.0,0.00572,1,1669422403889000,2022-11-26 00:26:43
22704000.0,0.00802331,0,1669422404750001,2022-11-26 00:26:44
22704000.0,0.00341168,0,1669422404750000,2022-11-26 00:26:44
22704000.0,0.00220235,1,1669422405718000,2022-11-26 00:26:45
22703000.0,0.00518256,1,1669422405822001,2022-11-26 00:26:45
22704000.0,0.00671744,1,1669422405822000,2022-11-26 00:26:45
22703000.0,0.005,1,1669422409175000,2022-11-26 00:26:49
22703000.0,0.0142,1,1669422410023000,2022-11-26 00:26:50
22703000.0,0.00132142,1,1669422411795000,2022-11-26 00:26:51
22703000.0,0.0152,1,1669422413246000,2022-11-26 00:26:53
22703000.0,0.02569631,1,1669422413383000,2022-11-26 00:26:53
22703000.0,0.00606985,1,1669422413343000,2022-11-26 00:26:53
22703000.0,0.015,1,1669422415900000,2022-11-26 00:26:55
22703000.0,0.005,1,1669422415841000,2022-11-26 00:26:55
22703000.0,0.0196,1,1669422415799000,2022-11-26 00:26:55
22703000.0,0.004,1,1669422416208000,2022-11-26 00:26:56
22703000.0,0.00451551,1,1669422417541000,2022-11-26 00:26:57
22703000.0,0.05526253,1,1669422418089000,2022-11-26 00:26:58
22703000.0,0.0407,1,1669422418689000,2022-11-26 00:26:58
22703000.0,0.004,1,1669422418167000,2022-11-26 00:26:58
22703000.0,0.008,1,1669422420191000,2022-11-26 00:27:00
22703000.0,0.0108,1,1669422420881000,2022-11-26 00:27:00
22703000.0,0.04388974,1,1669422422929000,2022-11-26 00:27:02
22703000.0,0.00044025,1,1669422422929005,2022-11-26 00:27:02
22703000.0,0.04404704,1,1669422422929004,2022-11-26 00:27:02
22703000.0,0.02346593,1,1669422422929003,2022-11-26 00:27:02
22703000.0,0.01286249,1,1669422422929002,2022-11-26 00:27:02
22703000.0,0.03269455,1,1669422422929001,2022-11-26 00:27:02
22703000.0,2.327e-05,1,1669422423856000,2022-11-26 00:27:03
22700000.0,0.00397673,1,1669422423856001,2022-11-26 00:27:03
22700000.0,0.00559801,1,1669422427678001,2022-11-26 00:27:07
22700000.0,0.01640199,1,1669422427678000,2022-11-26 00:27:07
22700000.0,0.0093,1,1669422428612000,2022-11-26 00:27:08
22700000.0,0.005,1,1669422429139000,2022-11-26 00:27:09
22700000.0,0.01668607,1,1669422431460000,2022-11-26 00:27:11
22703000.0,0.00044046,0,1669422432883000,2022-11-26 00:27:12
22703000.0,0.00088095,0,1669422432883001,2022-11-26 00:27:12
22700000.0,0.0146,1,1669422432220000,2022-11-26 00:27:12
22700000.0,0.01286532,1,1669422433111000,2022-11-26 00:27:13
22700000.0,0.01666323,1,1669422433177000,2022-11-26 00:27:13
22700000.0,0.0358,1,1669422434207000,2022-11-26 00:27:14
22700000.0,0.00614731,1,1669422434529000,2022-11-26 00:27:14
22700000.0,0.10488886,1,1669422437149000,2022-11-26 00:27:17
22700000.0,0.01202485,1,1669422437443000,2022-11-26 00:27:17
22701000.0,0.00658844,1,1669422442380001,2022-11-26 00:27:22
22700000.0,0.02271156,1,1669422442380000,2022-11-26 00:27:22
22700000.0,0.01527586,1,1669422443713000,2022-11-26 00:27:23
22700000.0,0.01201357,1,1669422445882000,2022-11-26 00:27:25
22700000.0,0.05,1,1669422445609000,2022-11-26 00:27:25
22700000.0,0.00780972,1,1669422445934000,2022-11-26 00:27:25
22700000.0,0.02946224,1,1669422446453000,2022-11-26 00:27:26
22700000.0,0.03463579,1,1669422446283000,2022-11-26 00:27:26
22700000.0,0.0151,1,1669422449328000,2022-11-26 00:27:29
22702000.0,0.00220134,0,1669422450353000,2022-11-26 00:27:30
22700000.0,0.00830382,1,1669422453185000,2022-11-26 00:27:33
22700000.0,0.00821047,1,1669422453244001,2022-11-26 00:27:33
22700000.0,0.00610614,1,1669422453244000,2022-11-26 00:27:33
22700000.0,0.02787073,1,1669422454712000,2022-11-26 00:27:34
22700000.0,0.02814855,1,1669422454445000,2022-11-26 00:27:34
22700000.0,0.047,1,1669422456629000,2022-11-26 00:27:36
22700000.0,0.03108572,1,1669422456343000,2022-11-26 00:27:36
22702000.0,0.01291422,0,1669422458176000,2022-11-26 00:27:38
22703000.0,2e-08,0,1669422460568000,2022-11-26 00:27:40
22703000.0,0.00213348,0,1669422460568001,2022-11-26 00:27:40
22700000.0,0.10082872,1,1669422460692000,2022-11-26 00:27:40
22700000.0,0.00523,1,1669422460346000,2022-11-26 00:27:40
22700000.0,0.04250385,1,1669422460056000,2022-11-26 00:27:40
22702000.0,0.00449615,1,1669422460056001,2022-11-26 00:27:40
22700000.0,0.02992633,1,1669422460900000,2022-11-26 00:27:40
22700000.0,0.0369,1,1669422461358000,2022-11-26 00:27:41
22703000.0,0.04237355,0,1669422462811001,2022-11-26 00:27:42
22704000.0,0.00420413,0,1669422462811002,2022-11-26 00:27:42
22704000.0,0.03694986,0,1669422462811000,2022-11-26 00:27:42
22700000.0,0.0035811,1,1669422464805000,2022-11-26 00:27:44
22700000.0,0.00140295,1,1669422464805001,2022-11-26 00:27:44
22700000.0,0.01338856,1,1669422464754000,2022-11-26 00:27:44
22700000.0,0.00814343,1,1669422464805003,2022-11-26 00:27:44
22700000.0,0.02591814,1,1669422464450000,2022-11-26 00:27:44
22700000.0,0.00044052,1,1669422464805002,2022-11-26 00:27:44
22700000.0,0.00148186,1,1669422464450001,2022-11-26 00:27:44
22701000.0,0.01341609,1,1669422465235000,2022-11-26 00:27:45
22708000.0,0.04334421,0,1669422466669003,2022-11-26 00:27:46
22705000.0,0.00026,0,1669422466669002,2022-11-26 00:27:46
22707000.0,0.06612186,0,1669422466669001,2022-11-26 00:27:46
22704000.0,0.02239285,0,1669422466669000,2022-11-26 00:27:46
22701000.0,0.0665,1,1669422466460000,2022-11-26 00:27:46
22701000.0,0.00341,1,1669422466336000,2022-11-26 00:27:46
22701000.0,0.012,1,1669422468458000,2022-11-26 00:27:48
22708000.0,0.00044038,0,1669422470351000,2022-11-26 00:27:50
22708000.0,0.0185667,0,1669422470351001,2022-11-26 00:27:50
22701000.0,0.00467391,1,1669422470451000,2022-11-26 00:27:50
22700000.0,0.03602609,1,1669422470451001,2022-11-26 00:27:50
22708000.0,0.00890491,0,1669422470351002,2022-11-26 00:27:50
22700000.0,0.0522055,1,1669422471954003,2022-11-26 00:27:51
22701000.0,0.00968235,1,1669422471954002,2022-11-26 00:27:51
22700000.0,0.02275974,1,1669422471954001,2022-11-26 00:27:51
22700000.0,0.02648503,1,1669422471954000,2022-11-26 00:27:51
22700000.0,0.057,1,1669422474461000,2022-11-26 00:27:54
22700000.0,0.00973993,1,1669422476472001,2022-11-26 00:27:56
22700000.0,0.00898377,1,1669422476472000,2022-11-26 00:27:56
22700000.0,4.75e-06,1,1669422476517000,2022-11-26 00:27:56
22700000.0,0.0008763,1,1669422476472002,2022-11-26 00:27:56
22700000.0,0.04813781,0,1669422478159002,2022-11-26 00:27:58
22700000.0,0.01240012,0,1669422478159001,2022-11-26 00:27:58
22708000.0,0.01157017,0,1669422478159000,2022-11-26 00:27:58
22699000.0,0.0106,1,1669422478464000,2022-11-26 00:27:58
22699000.0,0.01012161,1,1669422480682000,2022-11-26 00:28:00
22699000.0,0.0105,1,1669422481207000,2022-11-26 00:28:01
22699000.0,0.00503,1,1669422483636000,2022-11-26 00:28:03
22700000.0,0.36108806,0,1669422487250000,2022-11-26 00:28:07
22700000.0,0.12791432,0,1669422489610000,2022-11-26 00:28:09
22699000.0,0.00493,1,1669422493393000,2022-11-26 00:28:13
22699000.0,0.0139498,1,1669422493967001,2022-11-26 00:28:13
22699000.0,0.01441427,1,1669422493967000,2022-11-26 00:28:13
22700000.0,0.07923478,0,1669422494501000,2022-11-26 00:28:14
22699000.0,0.0123,1,1669422494255000,2022-11-26 00:28:14
22699000.0,0.0254,1,1669422496240000,2022-11-26 00:28:16
22699000.0,0.0422178,1,1669422497797001,2022-11-26 00:28:17
22699000.0,0.0482822,1,1669422497797000,2022-11-26 00:28:17
22699000.0,0.00283494,1,1669422499864000,2022-11-26 00:28:19
22700000.0,0.08806169,0,1669422500586000,2022-11-26 00:28:20
22700000.0,0.00396277,0,1669422500637000,2022-11-26 00:28:20
22699000.0,0.01283549,1,1669422503674001,2022-11-26 00:28:23
22699000.0,0.01173007,1,1669422503674000,2022-11-26 00:28:23
22699000.0,0.0552,1,1669422503804000,2022-11-26 00:28:23
22699000.0,0.0683917,1,1669422503674002,2022-11-26 00:28:23
22699000.0,0.01574694,1,1669422504710000,2022-11-26 00:28:24
22700000.0,0.51575762,0,1669422505700000,2022-11-26 00:28:25
22700000.0,0.03650879,0,1669422514295000,2022-11-26 00:28:34
22700000.0,0.1,0,1669422516087000,2022-11-26 00:28:36
22700000.0,0.00475612,0,1669422517035000,2022-11-26 00:28:37
22700000.0,0.00207609,0,1669422517474000,2022-11-26 00:28:37
22699000.0,0.01042375,1,1669422519062000,2022-11-26 00:28:39
22700000.0,0.02255669,0,1669422526649000,2022-11-26 00:28:46
22708000.0,0.01314868,0,1669422529331000,2022-11-26 00:28:49
22700000.0,0.3255374,0,1669422529331001,2022-11-26 00:28:49
22700000.0,0.00023,0,1669422529331002,2022-11-26 00:28:49
22706000.0,0.0031531,0,1669422529331004,2022-11-26 00:28:49
22708000.0,0.27426059,0,1669422529331003,2022-11-26 00:28:49
22708000.0,0.04052,0,1669422530549000,2022-11-26 00:28:50
22708000.0,0.02431,0,1669422530491000,2022-11-26 00:28:50
22699000.0,0.00421,1,1669422531547000,2022-11-26 00:28:51
22709000.0,0.00078,0,1669422532761000,2022-11-26 00:28:52
22708000.0,0.0678,1,1669422533829000,2022-11-26 00:28:53
22701000.0,0.01762037,0,1669422533684000,2022-11-26 00:28:53
22709000.0,0.00219956,0,1669422534773000,2022-11-26 00:28:54
22708000.0,0.44508257,1,1669422536934000,2022-11-26 00:28:56
22708000.0,9.676e-05,1,1669422536934002,2022-11-26 00:28:56
22708000.0,0.00472067,1,1669422536934001,2022-11-26 00:28:56
22708000.0,0.00403988,1,1669422537724000,2022-11-26 00:28:57
22709000.0,0.07470571,0,1669422537347000,2022-11-26 00:28:57
22708000.0,0.00718753,1,1669422538226000,2022-11-26 00:28:58
22708000.0,0.00713858,1,1669422538471000,2022-11-26 00:28:58
22708000.0,0.0359,1,1669422540157000,2022-11-26 00:29:00
22708000.0,0.06179811,1,1669422541852000,2022-11-26 00:29:01
22699000.0,0.01572175,1,1669422543589000,2022-11-26 00:29:03
22700000.0,0.02240617,1,1669422547065000,2022-11-26 00:29:07
22708000.0,0.01,1,1669422547331000,2022-11-26 00:29:07
22708000.0,0.00968087,0,1669422547161000,2022-11-26 00:29:07
22708000.0,0.00391864,0,1669422547161001,2022-11-26 00:29:07
22700000.0,0.06540601,1,1669422548103001,2022-11-26 00:29:08
22708000.0,3.667e-05,1,1669422548103000,2022-11-26 00:29:08
22700000.0,0.0245,1,1669422548313000,2022-11-26 00:29:08
22708000.0,0.0338,1,1669422549667000,2022-11-26 00:29:09
22708000.0,0.00415,1,1669422552691000,2022-11-26 00:29:12
22708000.0,0.02244419,1,1669422552640000,2022-11-26 00:29:12
22708000.0,0.02100205,1,1669422554213001,2022-11-26 00:29:14
22700000.0,0.01103867,1,1669422554213000,2022-11-26 00:29:14
22706000.0,0.0022,1,1669422558925000,2022-11-26 00:29:18
22700000.0,0.0006,1,1669422558925002,2022-11-26 00:29:18
22699000.0,0.04374308,1,1669422558925001,2022-11-26 00:29:18
22700000.0,0.05682408,1,1669422558925004,2022-11-26 00:29:18
22708000.0,0.02361155,0,1669422558988000,2022-11-26 00:29:18
22700000.0,0.00880746,1,1669422558925003,2022-11-26 00:29:18
22699000.0,0.00327231,1,1669422560673001,2022-11-26 00:29:20
22700000.0,0.00880746,1,1669422560673000,2022-11-26 00:29:20
22699000.0,0.02220595,1,1669422561212000,2022-11-26 00:29:21
22699000.0,0.07,1,1669422564857004,2022-11-26 00:29:24
22699000.0,0.11639935,1,1669422564857003,2022-11-26 00:29:24
22699000.0,0.01448535,1,1669422564857002,2022-11-26 00:29:24
22699000.0,0.00881057,1,1669422564857001,2022-11-26 00:29:24
22699000.0,0.01108452,1,1669422564857000,2022-11-26 00:29:24
22699000.0,0.04406645,1,1669422574981000,2022-11-26 00:29:34
22699000.0,0.0025787,1,1669422576943000,2022-11-26 00:29:36
22708000.0,0.00120191,0,1669422578075000,2022-11-26 00:29:38
22699000.0,0.00373593,1,1669422584145000,2022-11-26 00:29:44
22708000.0,0.00880746,0,1669422584126000,2022-11-26 00:29:44
22709000.0,0.01012183,0,1669422587293001,2022-11-26 00:29:47
22708000.0,0.02366799,0,1669422587293000,2022-11-26 00:29:47
22700000.0,0.0071521,1,1669422591933000,2022-11-26 00:29:51
22709000.0,0.05122546,0,1669422593969000,2022-11-26 00:29:53
22708000.0,0.00271354,0,1669422593969002,2022-11-26 00:29:53
22700000.0,0.02464309,0,1669422593969001,2022-11-26 00:29:53
22708000.0,0.00219956,0,1669422593969004,2022-11-26 00:29:53
22708000.0,0.00396337,0,1669422593969003,2022-11-26 00:29:53
22707000.0,0.00446633,0,1669422600388000,2022-11-26 00:30:00
22707000.0,0.01100431,0,1669422604419000,2022-11-26 00:30:04
22709000.0,0.05895126,0,1669422606270003,2022-11-26 00:30:06
22707000.0,0.03632065,0,1669422606270002,2022-11-26 00:30:06
22708000.0,0.13243056,0,1669422606270001,2022-11-26 00:30:06
22708000.0,0.01429754,0,1669422606270000,2022-11-26 00:30:06
22707000.0,0.04401727,0,1669422608073000,2022-11-26 00:30:08
22699000.0,0.0440548,1,1669422610842000,2022-11-26 00:30:10
22699000.0,0.00440548,1,1669422610842001,2022-11-26 00:30:10
22699000.0,0.04056344,1,1669422610842002,2022-11-26 00:30:10
22699000.0,0.00944979,1,1669422610842004,2022-11-26 00:30:10
22699000.0,0.00470604,1,1669422610842005,2022-11-26 00:30:10
22699000.0,0.13513357,1,1669422610842006,2022-11-26 00:30:10
22699000.0,0.12277494,1,1669422610842003,2022-11-26 00:30:10
22699000.0,0.00884178,1,1669422612618004,2022-11-26 00:30:12
22699000.0,0.00044019,1,1669422612618003,2022-11-26 00:30:12
22699000.0,0.00884805,1,1669422612618002,2022-11-26 00:30:12
22699000.0,0.00088127,1,1669422612618001,2022-11-26 00:30:12
22699000.0,0.01783153,1,1669422612618000,2022-11-26 00:30:12
22699000.0,0.00405021,1,1669422612350000,2022-11-26 00:30:12
22707000.0,0.06667224,0,1669422613388000,2022-11-26 00:30:13
22699000.0,0.00569419,1,1669422615420000,2022-11-26 00:30:15
22699000.0,0.00321273,1,1669422615467000,2022-11-26 00:30:15
22699000.0,0.00246661,1,1669422615467001,2022-11-26 00:30:15
22699000.0,0.00214936,1,1669422618971003,2022-11-26 00:30:18
22699000.0,0.00025,1,1669422618971002,2022-11-26 00:30:18
22699000.0,0.028103,1,1669422618971001,2022-11-26 00:30:18
22699000.0,0.00153836,1,1669422618971000,2022-11-26 00:30:18
22699000.0,0.00440548,1,1669422619434000,2022-11-26 00:30:19
22699000.0,0.02201639,1,1669422619497002,2022-11-26 00:30:19
22699000.0,0.02641967,1,1669422619497001,2022-11-26 00:30:19
22699000.0,0.01472696,1,1669422619497000,2022-11-26 00:30:19
22699000.0,0.01200155,1,1669422619434002,2022-11-26 00:30:19
22699000.0,5.338e-05,1,1669422619434001,2022-11-26 00:30:19
22698000.0,0.05451922,1,1669422620591000,2022-11-26 00:30:20
22698000.0,0.0460596,1,1669422620637000,2022-11-26 00:30:20
22699000.0,0.04403278,0,1669422620854000,2022-11-26 00:30:20
22699000.0,0.00265103,0,1669422623158000,2022-11-26 00:30:23
22699000.0,0.00509406,0,1669422624258001,2022-11-26 00:30:24
22699000.0,0.00834244,0,1669422624258000,2022-11-26 00:30:24
22699000.0,0.0959363,1,1669422626348000,2022-11-26 00:30:26
22707000.0,0.03011969,0,1669422626794000,2022-11-26 00:30:26
22707000.0,0.00132117,0,1669422627245000,2022-11-26 00:30:27
22707000.0,0.00440373,0,1669422627185000,2022-11-26 00:30:27
22699000.0,0.06388071,1,1669422628626000,2022-11-26 00:30:28
22709000.0,0.01582905,0,1669422628020004,2022-11-26 00:30:28
22709000.0,0.00686964,0,1669422628020000,2022-11-26 00:30:28
22699000.0,0.18973566,1,1669422628404000,2022-11-26 00:30:28
22707000.0,0.10945554,0,1669422628020001,2022-11-26 00:30:28
22709000.0,0.00221436,0,1669422628020005,2022-11-26 00:30:28
22709000.0,0.00316969,0,1669422628020003,2022-11-26 00:30:28
22708000.0,0.02510128,0,1669422628020002,2022-11-26 00:30:28
22709000.0,0.01232992,0,1669422628020006,2022-11-26 00:30:28
22709000.0,0.02383423,0,1669422630349001,2022-11-26 00:30:30
22709000.0,0.00236482,0,1669422630349002,2022-11-26 00:30:30
22709000.0,0.05982388,0,1669422630349000,2022-11-26 00:30:30
22699000.0,0.0088188,1,1669422630453000,2022-11-26 00:30:30
22698000.0,0.1170926,1,1669422630453001,2022-11-26 00:30:30
22710000.0,0.15727645,0,1669422630349003,2022-11-26 00:30:30
22708000.0,0.00440373,0,1669422631453000,2022-11-26 00:30:31
22698000.0,0.00065886,1,1669422632949000,2022-11-26 00:30:32
22710000.0,0.0316,1,1669422633581000,2022-11-26 00:30:33
