trade_price,trade_volume,ask_bid,sequential_id,timestamp
22660000.0,0.00049953,0,1669507200787000,2022-11-27 00:00:00
22646000.0,0.00131561,1,1669507200207000,2022-11-27 00:00:00
22644000.0,0.00022511,1,1669507200322001,2022-11-27 00:00:00
22644000.0,0.02355245,1,1669507200322002,2022-11-27 00:00:00
22644000.0,0.85904755,1,1669507200566000,2022-11-27 00:00:00
22646000.0,0.00161726,1,1669507200322000,2022-11-27 00:00:00
22643000.0,0.0784332,1,1669507200566002,2022-11-27 00:00:00
22643000.0,0.00044163,1,1669507200566003,2022-11-27 00:00:00
22643000.0,0.00337762,1,1669507200566004,2022-11-27 00:00:00
22642000.0,0.08060294,1,1669507200566001,2022-11-27 00:00:00
22660000.0,0.0004413,0,1669507202163000,2022-11-27 00:00:02
22660000.0,0.00022065,0,1669507202854000,2022-11-27 00:00:02
22642000.0,0.00276969,1,1669507202622000,2022-11-27 00:00:02
22660000.0,0.00022065,0,1669507202394000,2022-11-27 00:00:02
22643000.0,0.00069601,1,1669507203496000,2022-11-27 00:00:03
22642000.0,0.01362585,1,1669507203243000,2022-11-27 00:00:03
22642000.0,0.00828399,1,1669507203313000,2022-11-27 00:00:03
22644000.0,0.0508,0,1669507203727000,2022-11-27 00:00:03
22644000.0,0.00445084,0,1669507203998000,2022-11-27 00:00:03
22644000.0,0.04201,0,1669507203777001,2022-11-27 00:00:03
22644000.0,0.00492063,0,1669507203934000,2022-11-27 00:00:03
22644000.0,0.00929029,0,1669507203777000,2022-11-27 00:00:03
22644000.0,0.0002208,0,1669507204299000,2022-11-27 00:00:04
22643000.0,0.00420498,1,1669507204982000,2022-11-27 00:00:04
22644000.0,0.00066242,0,1669507204977000,2022-11-27 00:00:04
22643000.0,0.16940182,1,1669507204935000,2022-11-27 00:00:04
22644000.0,0.0002208,0,1669507204777000,2022-11-27 00:00:04
22644000.0,0.00447972,0,1669507205482000,2022-11-27 00:00:05
22643000.0,0.0024224,1,1669507205709000,2022-11-27 00:00:05
22644000.0,0.00220654,0,1669507205750000,2022-11-27 00:00:05
22644000.0,0.00544219,0,1669507205026000,2022-11-27 00:00:05
22644000.0,0.0632,0,1669507205816001,2022-11-27 00:00:05
22643000.0,0.00045762,1,1669507205029000,2022-11-27 00:00:05
22644000.0,0.00066242,0,1669507205816000,2022-11-27 00:00:05
22644000.0,0.08968367,0,1669507206697000,2022-11-27 00:00:06
22660000.0,0.00648296,0,1669507207147000,2022-11-27 00:00:07
22660000.0,0.00210573,0,1669507207715000,2022-11-27 00:00:07
22660000.0,0.00737316,0,1669507208899000,2022-11-27 00:00:08
22660000.0,0.00027243,0,1669507208596000,2022-11-27 00:00:08
22660000.0,0.0003432,0,1669507209032000,2022-11-27 00:00:09
22660000.0,0.00609514,0,1669507209573000,2022-11-27 00:00:09
22660000.0,0.00303668,0,1669507211227001,2022-11-27 00:00:11
22660000.0,0.00397332,0,1669507211227000,2022-11-27 00:00:11
22660000.0,0.00464108,0,1669507211176001,2022-11-27 00:00:11
22658000.0,0.00434862,0,1669507211176000,2022-11-27 00:00:11
22645000.0,0.001,1,1669507212597000,2022-11-27 00:00:12
22660000.0,0.00290626,0,1669507212837000,2022-11-27 00:00:12
22660000.0,0.0040084,0,1669507212837001,2022-11-27 00:00:12
22660000.0,0.01451588,0,1669507212055000,2022-11-27 00:00:12
22660000.0,0.0158,0,1669507213940000,2022-11-27 00:00:13
22645000.0,0.00703095,1,1669507215067000,2022-11-27 00:00:15
22659000.0,0.0663324,0,1669507222852000,2022-11-27 00:00:22
22645000.0,0.00571579,1,1669507222653000,2022-11-27 00:00:22
22659000.0,0.0009983,0,1669507222461000,2022-11-27 00:00:22
22659000.0,0.00109669,0,1669507224089000,2022-11-27 00:00:24
22645000.0,0.07065577,1,1669507225449000,2022-11-27 00:00:25
22645000.0,0.12003176,1,1669507225449001,2022-11-27 00:00:25
22645000.0,0.0105,0,1669507225521000,2022-11-27 00:00:25
22645000.0,0.01713468,0,1669507225636000,2022-11-27 00:00:25
22645000.0,0.0091848,0,1669507225687000,2022-11-27 00:00:25
22645000.0,0.00918235,0,1669507225728000,2022-11-27 00:00:25
22645000.0,0.1756,0,1669507225728001,2022-11-27 00:00:25
22645000.0,0.00706173,0,1669507225892000,2022-11-27 00:00:25
22645000.0,0.00250154,0,1669507226035000,2022-11-27 00:00:26
22645000.0,0.0258,0,1669507227704000,2022-11-27 00:00:27
22645000.0,0.00918475,0,1669507227307000,2022-11-27 00:00:27
22645000.0,0.01126312,0,1669507229192000,2022-11-27 00:00:29
22645000.0,0.01638628,0,1669507229141000,2022-11-27 00:00:29
22645000.0,0.024,0,1669507229691000,2022-11-27 00:00:29
22645000.0,0.01097456,0,1669507230900000,2022-11-27 00:00:30
22645000.0,0.00694254,0,1669507231328000,2022-11-27 00:00:31
22645000.0,0.0438,0,1669507231685000,2022-11-27 00:00:31
22645000.0,0.00572118,0,1669507232063000,2022-11-27 00:00:32
22645000.0,0.01614884,0,1669507233879000,2022-11-27 00:00:33
22643000.0,0.00865931,1,1669507233838000,2022-11-27 00:00:33
22645000.0,0.0356,0,1669507233699000,2022-11-27 00:00:33
22645000.0,0.078501,0,1669507234891000,2022-11-27 00:00:34
22645000.0,0.0091,0,1669507235940000,2022-11-27 00:00:35
22645000.0,0.00458362,0,1669507235449000,2022-11-27 00:00:35
22645000.0,0.0782,0,1669507237942000,2022-11-27 00:00:37
22645000.0,0.01124982,0,1669507238727000,2022-11-27 00:00:38
22645000.0,0.00508295,0,1669507238772000,2022-11-27 00:00:38
22645000.0,0.00503033,0,1669507238822000,2022-11-27 00:00:38
22645000.0,0.0051145,0,1669507239169000,2022-11-27 00:00:39
22645000.0,0.0645,0,1669507239940000,2022-11-27 00:00:39
22645000.0,0.03263,0,1669507239876000,2022-11-27 00:00:39
22645000.0,0.00044159,0,1669507241999000,2022-11-27 00:00:41
22645000.0,0.0379,0,1669507241949000,2022-11-27 00:00:41
22643000.0,0.12807857,1,1669507243472000,2022-11-27 00:00:43
22645000.0,0.00022079,0,1669507243228000,2022-11-27 00:00:43
22645000.0,0.01663773,0,1669507243126000,2022-11-27 00:00:43
22645000.0,0.0224,0,1669507243965000,2022-11-27 00:00:43
22645000.0,0.0616,0,1669507245956000,2022-11-27 00:00:45
22645000.0,0.00527962,0,1669507245222000,2022-11-27 00:00:45
22643000.0,0.02201684,1,1669507246172000,2022-11-27 00:00:46
22643000.0,0.03327801,1,1669507246503000,2022-11-27 00:00:46
22643000.0,0.0094534,0,1669507247134001,2022-11-27 00:00:47
22645000.0,0.01818342,0,1669507247134000,2022-11-27 00:00:47
22643000.0,0.02805963,1,1669507247090000,2022-11-27 00:00:47
22645000.0,0.0183,0,1669507247952000,2022-11-27 00:00:47
22645000.0,0.07403129,0,1669507248723000,2022-11-27 00:00:48
22645000.0,0.0647,0,1669507249955000,2022-11-27 00:00:49
22645000.0,0.00278,0,1669507250502000,2022-11-27 00:00:50
22645000.0,0.00750449,0,1669507250808000,2022-11-27 00:00:50
22641000.0,0.005,1,1669507250842001,2022-11-27 00:00:50
22641000.0,0.00538127,1,1669507250842002,2022-11-27 00:00:50
22641000.0,0.0002304,1,1669507250842000,2022-11-27 00:00:50
22645000.0,0.00745728,0,1669507252459000,2022-11-27 00:00:52
22645000.0,0.00750038,0,1669507252391000,2022-11-27 00:00:52
22645000.0,0.1591,0,1669507253121000,2022-11-27 00:00:53
22641000.0,0.031668,1,1669507255831000,2022-11-27 00:00:55
22645000.0,0.04,0,1669507255121000,2022-11-27 00:00:55
22641000.0,0.03900025,1,1669507257541000,2022-11-27 00:00:57
22640000.0,0.04910503,1,1669507257541001,2022-11-27 00:00:57
22645000.0,0.0617,0,1669507257127000,2022-11-27 00:00:57
22641000.0,0.03442037,0,1669507259134001,2022-11-27 00:00:59
22641000.0,0.00367963,0,1669507259134000,2022-11-27 00:00:59
22645000.0,0.00208833,0,1669507259657001,2022-11-27 00:00:59
22645000.0,0.04449309,0,1669507259657002,2022-11-27 00:00:59
22645000.0,0.02715374,0,1669507259657000,2022-11-27 00:00:59
22645000.0,0.05607097,0,1669507259657004,2022-11-27 00:00:59
22645000.0,0.01741967,0,1669507259657005,2022-11-27 00:00:59
22645000.0,0.00839038,0,1669507259657006,2022-11-27 00:00:59
22641000.0,0.02870329,0,1669507259657007,2022-11-27 00:00:59
22645000.0,0.19309921,0,1669507259657003,2022-11-27 00:00:59
22641000.0,0.0096,0,1669507261715000,2022-11-27 00:01:01
22649000.0,0.00500932,1,1669507261455000,2022-11-27 00:01:01
22641000.0,7.532e-05,0,1669507262321000,2022-11-27 00:01:02
22641000.0,0.00066251,0,1669507262942000,2022-11-27 00:01:02
22656000.0,0.00036611,0,1669507262321001,2022-11-27 00:01:02
22641000.0,0.1163,0,1669507263673000,2022-11-27 00:01:03
22641000.0,0.022,0,1669507264347000,2022-11-27 00:01:04
22640000.0,0.11937721,1,1669507264614000,2022-11-27 00:01:04
22641000.0,0.0255,0,1669507265685000,2022-11-27 00:01:05
22640000.0,0.00806323,1,1669507265890001,2022-11-27 00:01:05
22640000.0,0.01680217,1,1669507265890002,2022-11-27 00:01:05
22640000.0,0.001,1,1669507265890000,2022-11-27 00:01:05
22641000.0,0.02138368,0,1669507265985000,2022-11-27 00:01:05
22641000.0,0.181238,0,1669507265072000,2022-11-27 00:01:05
22640000.0,0.00066287,1,1669507265890003,2022-11-27 00:01:05
22640000.0,0.02654063,1,1669507266904000,2022-11-27 00:01:06
22641000.0,0.00416601,0,1669507267679001,2022-11-27 00:01:07
22641000.0,0.19773399,0,1669507267679000,2022-11-27 00:01:07
22641000.0,0.03208608,0,1669507269705001,2022-11-27 00:01:09
22641000.0,1.392e-05,0,1669507269705000,2022-11-27 00:01:09
22641000.0,5.678e-05,0,1669507270830001,2022-11-27 00:01:10
22646000.0,0.06944322,0,1669507270830000,2022-11-27 00:01:10
22646000.0,0.0343,0,1669507271712000,2022-11-27 00:01:11
22653000.0,0.00159241,0,1669507272545000,2022-11-27 00:01:12
22646000.0,0.0106044,0,1669507272545001,2022-11-27 00:01:12
22653000.0,0.00410194,0,1669507273473001,2022-11-27 00:01:13
22656000.0,0.05139806,0,1669507273473000,2022-11-27 00:01:13
22665000.0,0.05306176,0,1669507274193002,2022-11-27 00:01:14
22664000.0,0.05021625,0,1669507274193001,2022-11-27 00:01:14
22656000.0,0.00672199,0,1669507274193000,2022-11-27 00:01:14
22646000.0,0.0139,0,1669507274980000,2022-11-27 00:01:14
22646000.0,0.00044157,0,1669507275611000,2022-11-27 00:01:15
22646000.0,0.00441442,0,1669507276041000,2022-11-27 00:01:16
22646000.0,0.0181,0,1669507276986000,2022-11-27 00:01:16
22641000.0,0.00441676,1,1669507281654000,2022-11-27 00:01:21
22641000.0,0.02535857,1,1669507281654001,2022-11-27 00:01:21
22641000.0,0.00088617,1,1669507284128000,2022-11-27 00:01:24
22646000.0,7.471e-05,0,1669507284456001,2022-11-27 00:01:24
22665000.0,0.0120152,0,1669507284456000,2022-11-27 00:01:24
22640000.0,0.02718677,1,1669507291707001,2022-11-27 00:01:31
22641000.0,0.00088335,1,1669507291707002,2022-11-27 00:01:31
22640000.0,0.0346221,1,1669507291707004,2022-11-27 00:01:31
22642000.0,0.00441676,1,1669507291707005,2022-11-27 00:01:31
22641000.0,0.00826484,1,1669507291707003,2022-11-27 00:01:31
22641000.0,0.00470007,1,1669507291707007,2022-11-27 00:01:31
22640000.0,0.44599121,1,1669507291707008,2022-11-27 00:01:31
22641000.0,0.8823,1,1669507291707009,2022-11-27 00:01:31
22640000.0,0.04414753,1,1669507291707010,2022-11-27 00:01:31
22640000.0,0.04416961,1,1669507291707006,2022-11-27 00:01:31
22666000.0,0.00465702,0,1669507294825001,2022-11-27 00:01:34
22666000.0,0.01958466,0,1669507294825000,2022-11-27 00:01:34
22664000.0,0.00176491,0,1669507300550000,2022-11-27 00:01:40
22643000.0,0.0006122,1,1669507303989000,2022-11-27 00:01:43
22643000.0,0.00059639,1,1669507303334000,2022-11-27 00:01:43
22664000.0,0.01262248,0,1669507304351000,2022-11-27 00:01:44
22664000.0,0.00044122,0,1669507304046000,2022-11-27 00:01:44
22666000.0,0.00919492,0,1669507304351001,2022-11-27 00:01:44
22665000.0,0.00441208,0,1669507306990000,2022-11-27 00:01:46
22665000.0,1e-08,0,1669507310072000,2022-11-27 00:01:50
22666000.0,0.00345999,0,1669507310072001,2022-11-27 00:01:50
22666000.0,0.00766257,0,1669507311709000,2022-11-27 00:01:51
22667000.0,0.00465505,0,1669507311709001,2022-11-27 00:01:51
22666000.0,0.00088238,0,1669507311709002,2022-11-27 00:01:51
22643000.0,0.06163848,1,1669507313567000,2022-11-27 00:01:53
22665000.0,0.04412089,0,1669507314628000,2022-11-27 00:01:54
22643000.0,0.00884315,1,1669507320740000,2022-11-27 00:02:00
22643000.0,0.02210787,1,1669507321368000,2022-11-27 00:02:01
22664000.0,0.00126875,0,1669507322875000,2022-11-27 00:02:02
22644000.0,0.05827063,1,1669507323531000,2022-11-27 00:02:03
22644000.0,0.16254816,1,1669507326124000,2022-11-27 00:02:06
22644000.0,0.018241,0,1669507328804000,2022-11-27 00:02:08
22644000.0,0.03409904,1,1669507329663000,2022-11-27 00:02:09
22644000.0,0.01098249,1,1669507330881000,2022-11-27 00:02:10
22644000.0,0.0219,0,1669507331519000,2022-11-27 00:02:11
22661000.0,0.00334726,0,1669507333077001,2022-11-27 00:02:13
22644000.0,9.208e-05,0,1669507333077000,2022-11-27 00:02:13
22661000.0,0.00044122,0,1669507340006000,2022-11-27 00:02:20
22661000.0,0.00093642,0,1669507341802000,2022-11-27 00:02:21
22661000.0,0.00364702,0,1669507342871000,2022-11-27 00:02:22
22661000.0,0.01125085,0,1669507344686000,2022-11-27 00:02:24
22643000.0,0.00331734,1,1669507346559001,2022-11-27 00:02:26
22644000.0,0.00110404,1,1669507346559000,2022-11-27 00:02:26
22643000.0,0.02728134,1,1669507350394000,2022-11-27 00:02:30
22642000.0,0.01862861,1,1669507350394001,2022-11-27 00:02:30
22642000.0,0.00132497,1,1669507350394002,2022-11-27 00:02:30
22643000.0,0.01227906,1,1669507350394003,2022-11-27 00:02:30
22641000.0,0.02333786,1,1669507350394004,2022-11-27 00:02:30
22641000.0,0.00088335,1,1669507350394005,2022-11-27 00:02:30
22643000.0,0.00032669,1,1669507350394006,2022-11-27 00:02:30
22643000.0,0.04416375,1,1669507350394007,2022-11-27 00:02:30
22661000.0,0.00026412,0,1669507350627000,2022-11-27 00:02:30
22640000.0,0.00025192,1,1669507351951002,2022-11-27 00:02:31
22640000.0,0.00373501,1,1669507351951001,2022-11-27 00:02:31
22641000.0,0.0208298,1,1669507351951000,2022-11-27 00:02:31
22644000.0,0.09724222,1,1669507351743000,2022-11-27 00:02:31
22643000.0,0.0624,0,1669507352592000,2022-11-27 00:02:32
22643000.0,0.01411168,0,1669507352249000,2022-11-27 00:02:32
22643000.0,0.01130422,0,1669507353834000,2022-11-27 00:02:33
22643000.0,0.01133425,0,1669507353880000,2022-11-27 00:02:33
22643000.0,0.015,0,1669507354598000,2022-11-27 00:02:34
22643000.0,0.00393,0,1669507356387000,2022-11-27 00:02:36
22643000.0,0.00211,0,1669507358067000,2022-11-27 00:02:38
22643000.0,0.0030904,0,1669507359068001,2022-11-27 00:02:39
22643000.0,0.0036696,0,1669507359068000,2022-11-27 00:02:39
22643000.0,1.07e-06,0,1669507359840000,2022-11-27 00:02:39
22660000.0,0.00238564,0,1669507360436000,2022-11-27 00:02:40
22643000.0,0.03590994,1,1669507367912000,2022-11-27 00:02:47
22643000.0,0.00033106,1,1669507372078000,2022-11-27 00:02:52
22643000.0,0.00090606,1,1669507375392000,2022-11-27 00:02:55
22643000.0,0.07315091,1,1669507378647000,2022-11-27 00:02:58
22643000.0,0.00026498,1,1669507378647001,2022-11-27 00:02:58
22643000.0,0.0431,0,1669507378822000,2022-11-27 00:02:58
22643000.0,0.00293708,1,1669507378647003,2022-11-27 00:02:58
22643000.0,0.00441637,1,1669507378647002,2022-11-27 00:02:58
22643000.0,0.00559677,0,1669507379967000,2022-11-27 00:02:59
22643000.0,0.001,0,1669507380949000,2022-11-27 00:03:00
22643000.0,0.0362,0,1669507380833000,2022-11-27 00:03:00
22643000.0,0.01957875,0,1669507380688002,2022-11-27 00:03:00
22643000.0,0.00177351,0,1669507380688001,2022-11-27 00:03:00
22643000.0,0.06464774,0,1669507380688000,2022-11-27 00:03:00
22640000.0,0.00063058,1,1669507382842000,2022-11-27 00:03:02
22640000.0,0.00195863,1,1669507382842001,2022-11-27 00:03:02
22640000.0,0.01,1,1669507382842002,2022-11-27 00:03:02
22640000.0,0.00044169,1,1669507382842003,2022-11-27 00:03:02
22640000.0,0.01161397,1,1669507382842004,2022-11-27 00:03:02
22640000.0,0.00441696,1,1669507382842005,2022-11-27 00:03:02
22640000.0,0.00513454,0,1669507382897000,2022-11-27 00:03:02
22643000.0,0.06026546,0,1669507382897001,2022-11-27 00:03:02
22640000.0,0.0055212,1,1669507382842006,2022-11-27 00:03:02
22643000.0,0.01965353,0,1669507383103000,2022-11-27 00:03:03
22643000.0,0.0088,0,1669507384859000,2022-11-27 00:03:04
22643000.0,0.0297,0,1669507386862000,2022-11-27 00:03:06
22643000.0,0.0089,0,1669507388877000,2022-11-27 00:03:08
22655000.0,0.04088263,0,1669507390113001,2022-11-27 00:03:10
22643000.0,0.53597039,0,1669507390113000,2022-11-27 00:03:10
22643000.0,0.01474205,0,1669507390113002,2022-11-27 00:03:10
22643000.0,0.00440493,0,1669507390113003,2022-11-27 00:03:10
22655000.0,0.01436,0,1669507393009000,2022-11-27 00:03:13
22655000.0,0.00583209,0,1669507401462001,2022-11-27 00:03:21
22655000.0,0.01184574,0,1669507401462000,2022-11-27 00:03:21
22655000.0,0.0092445,0,1669507408522003,2022-11-27 00:03:28
22655000.0,0.00200389,0,1669507408522002,2022-11-27 00:03:28
22655000.0,0.03997386,0,1669507408522001,2022-11-27 00:03:28
22655000.0,0.12177775,0,1669507408522000,2022-11-27 00:03:28
22643000.0,0.00021178,1,1669507412000001,2022-11-27 00:03:32
22643000.0,0.00264611,1,1669507412000000,2022-11-27 00:03:32
22645000.0,0.00285951,1,1669507414690000,2022-11-27 00:03:34
22643000.0,0.0027057,1,1669507414690001,2022-11-27 00:03:34
22639000.0,0.00170278,1,1669507420870003,2022-11-27 00:03:40
22643000.0,0.00467873,1,1669507420870002,2022-11-27 00:03:40
22639000.0,0.0048635,1,1669507420870001,2022-11-27 00:03:40
22645000.0,0.00643356,1,1669507420870000,2022-11-27 00:03:40
22643000.0,0.00414657,0,1669507422592000,2022-11-27 00:03:42
22638000.0,0.00025,1,1669507424505001,2022-11-27 00:03:44
22639000.0,0.00801573,1,1669507424505002,2022-11-27 00:03:44
22639000.0,0.00847529,1,1669507424427000,2022-11-27 00:03:44
22639000.0,0.00554411,1,1669507424505000,2022-11-27 00:03:44
22638000.0,0.00220649,1,1669507424505003,2022-11-27 00:03:44
22639000.0,0.005,1,1669507424505007,2022-11-27 00:03:44
22638000.0,0.25902671,1,1669507424505005,2022-11-27 00:03:44
22639000.0,0.00022527,1,1669507424505006,2022-11-27 00:03:44
22638000.0,0.00044173,1,1669507424505004,2022-11-27 00:03:44
22638000.0,0.00044173,1,1669507424505008,2022-11-27 00:03:44
22638000.0,0.04290214,1,1669507426490000,2022-11-27 00:03:46
22638000.0,0.01721823,1,1669507430613000,2022-11-27 00:03:50
22638000.0,0.1541737,1,1669507430268000,2022-11-27 00:03:50
22643000.0,0.0114,0,1669507431394000,2022-11-27 00:03:51
22655000.0,0.00132663,0,1669507432605000,2022-11-27 00:03:52
22638000.0,0.03568879,1,1669507432770000,2022-11-27 00:03:52
22643000.0,7.316e-05,0,1669507432605001,2022-11-27 00:03:52
22661000.0,0.00044128,0,1669507433420000,2022-11-27 00:03:53
22661000.0,0.01938869,0,1669507433071000,2022-11-27 00:03:53
22644000.0,0.37236905,1,1669507438819001,2022-11-27 00:03:58
22639000.0,0.27867414,1,1669507438819000,2022-11-27 00:03:58
22644000.0,0.0112,0,1669507443101000,2022-11-27 00:04:03
22644000.0,0.16,0,1669507444137000,2022-11-27 00:04:04
22644000.0,0.01439692,0,1669507445129000,2022-11-27 00:04:05
22644000.0,0.139,0,1669507449041000,2022-11-27 00:04:09
22644000.0,0.00265225,0,1669507453033000,2022-11-27 00:04:13
22644000.0,0.00482218,0,1669507453741000,2022-11-27 00:04:13
22638000.0,0.00044159,1,1669507454275006,2022-11-27 00:04:14
22638000.0,0.005,1,1669507454275004,2022-11-27 00:04:14
22638000.0,0.00022528,1,1669507454275003,2022-11-27 00:04:14
22638000.0,0.04417351,1,1669507454275005,2022-11-27 00:04:14
22638000.0,0.005,1,1669507454275007,2022-11-27 00:04:14
22638000.0,0.00044173,1,1669507454275011,2022-11-27 00:04:14
22638000.0,0.04417351,1,1669507454275009,2022-11-27 00:04:14
22638000.0,0.005,1,1669507454275010,2022-11-27 00:04:14
22638000.0,0.145,1,1669507454275012,2022-11-27 00:04:14
22638000.0,0.005,1,1669507454275008,2022-11-27 00:04:14
22637000.0,0.00044113,1,1669507459050000,2022-11-27 00:04:19
22637000.0,0.00022529,1,1669507459050002,2022-11-27 00:04:19
22636000.0,0.00044177,1,1669507459050003,2022-11-27 00:04:19
22637000.0,0.00032097,1,1669507459050001,2022-11-27 00:04:19
22636000.0,0.02916378,1,1669507459050005,2022-11-27 00:04:19
22637000.0,0.04417351,1,1669507459050006,2022-11-27 00:04:19
22636000.0,0.01743321,1,1669507459050004,2022-11-27 00:04:19
22644000.0,0.01883245,0,1669507460167000,2022-11-27 00:04:20
22644000.0,0.02552568,0,1669507460523001,2022-11-27 00:04:20
22644000.0,0.01847432,0,1669507460523000,2022-11-27 00:04:20
22644000.0,0.01422916,0,1669507461109002,2022-11-27 00:04:21
22659000.0,0.3486329,0,1669507461109001,2022-11-27 00:04:21
22644000.0,0.0782829,0,1669507461109000,2022-11-27 00:04:21
22659000.0,0.00044132,0,1669507475353000,2022-11-27 00:04:35
22644000.0,0.00441618,1,1669507475620000,2022-11-27 00:04:35
22644000.0,0.0220809,1,1669507475620002,2022-11-27 00:04:35
22644000.0,0.00073375,1,1669507475620001,2022-11-27 00:04:35
22644000.0,0.00817183,1,1669507479898001,2022-11-27 00:04:39
22644000.0,0.00025,1,1669507479898000,2022-11-27 00:04:39
22638000.0,0.03131106,1,1669507480682001,2022-11-27 00:04:40
22641000.0,0.00025,1,1669507480682000,2022-11-27 00:04:40
22644000.0,0.0290725,0,1669507485051000,2022-11-27 00:04:45
22644000.0,0.00085585,0,1669507485352000,2022-11-27 00:04:45
22644000.0,0.001792,0,1669507485275000,2022-11-27 00:04:45
22644000.0,0.00441618,0,1669507486388000,2022-11-27 00:04:46
22659000.0,0.01094995,0,1669507487798000,2022-11-27 00:04:47
22644000.0,0.0177877,0,1669507487229000,2022-11-27 00:04:47
22659000.0,0.00801928,0,1669507487229001,2022-11-27 00:04:47
22644000.0,0.02919302,0,1669507487229002,2022-11-27 00:04:47
22641000.0,0.00219717,1,1669507496524000,2022-11-27 00:04:56
22641000.0,0.00349562,1,1669507497199000,2022-11-27 00:04:57
22641000.0,0.00737894,1,1669507501677000,2022-11-27 00:05:01
22660000.0,0.029253,0,1669507502344002,2022-11-27 00:05:02
22659000.0,0.00753652,0,1669507502344001,2022-11-27 00:05:02
22659000.0,0.00051048,0,1669507502344000,2022-11-27 00:05:02
22660000.0,0.00035304,0,1669507512441000,2022-11-27 00:05:12
22660000.0,0.00441085,0,1669507513491000,2022-11-27 00:05:13
22660000.0,0.00270895,0,1669507513034000,2022-11-27 00:05:13
22641000.0,0.0936988,1,1669507518840000,2022-11-27 00:05:18
22660000.0,0.0004413,0,1669507518597000,2022-11-27 00:05:18
22641000.0,0.00088463,1,1669507519220000,2022-11-27 00:05:19
22641000.0,0.00156386,1,1669507519624000,2022-11-27 00:05:19
22641000.0,0.00088463,1,1669507520238000,2022-11-27 00:05:20
22660000.0,0.00169479,0,1669507520975000,2022-11-27 00:05:20
22641000.0,0.00610718,1,1669507527937000,2022-11-27 00:05:27
22638000.0,0.02172919,1,1669507527937001,2022-11-27 00:05:27
22659000.0,0.00441325,0,1669507527952000,2022-11-27 00:05:27
22641000.0,0.0007465,0,1669507528083000,2022-11-27 00:05:28
22658000.0,0.00022097,0,1669507528854000,2022-11-27 00:05:28
22638000.0,0.04695975,1,1669507528607003,2022-11-27 00:05:28
22638000.0,0.33494613,1,1669507528607002,2022-11-27 00:05:28
22641000.0,0.01581637,1,1669507528607001,2022-11-27 00:05:28
22638000.0,0.00241052,1,1669507528607000,2022-11-27 00:05:28
22659000.0,0.00044132,0,1669507529208000,2022-11-27 00:05:29
22659000.0,0.00496408,0,1669507533630000,2022-11-27 00:05:33
22658000.0,0.00479832,0,1669507537327000,2022-11-27 00:05:37
22659000.0,0.04107,0,1669507539408000,2022-11-27 00:05:39
22659000.0,0.03067634,0,1669507541527000,2022-11-27 00:05:41
22659000.0,0.03067634,0,1669507541632000,2022-11-27 00:05:41
22659000.0,0.00265639,0,1669507543045000,2022-11-27 00:05:43
22658000.0,1.2e-05,1,1669507545259000,2022-11-27 00:05:45
22658000.0,0.06330287,1,1669507545259001,2022-11-27 00:05:45
22642000.0,0.00105211,1,1669507550456000,2022-11-27 00:05:50
22658000.0,0.03541988,0,1669507550371000,2022-11-27 00:05:50
22658000.0,0.05,0,1669507557952000,2022-11-27 00:05:57
22642000.0,2.72e-06,0,1669507558515000,2022-11-27 00:05:58
22642000.0,0.0219,0,1669507558342000,2022-11-27 00:05:58
22643000.0,0.000229,1,1669507558068001,2022-11-27 00:05:58
22642000.0,0.000229,1,1669507558068000,2022-11-27 00:05:58
22644000.0,0.000229,1,1669507562169000,2022-11-27 00:06:02
22642000.0,0.06765383,0,1669507562272000,2022-11-27 00:06:02
22658000.0,0.00026039,0,1669507565855000,2022-11-27 00:06:05
22658000.0,0.00026039,0,1669507565814000,2022-11-27 00:06:05
22658000.0,0.00030799,0,1669507566338000,2022-11-27 00:06:06
22642000.0,0.00399,1,1669507572042000,2022-11-27 00:06:12
22642000.0,0.00159632,1,1669507574422000,2022-11-27 00:06:14
22642000.0,0.00441638,1,1669507577727000,2022-11-27 00:06:17
22642000.0,0.0259,0,1669507580275000,2022-11-27 00:06:20
22642000.0,0.00517066,0,1669507580590000,2022-11-27 00:06:20
22642000.0,0.07729581,1,1669507580074000,2022-11-27 00:06:20
22642000.0,0.002,1,1669507580074001,2022-11-27 00:06:20
22642000.0,0.00044165,1,1669507580074002,2022-11-27 00:06:20
22642000.0,0.005,0,1669507581146000,2022-11-27 00:06:21
22642000.0,0.00815919,0,1669507582322000,2022-11-27 00:06:22
22642000.0,0.0322,0,1669507582275000,2022-11-27 00:06:22
22640000.0,0.00079505,1,1669507583739004,2022-11-27 00:06:23
22641000.0,0.01765302,1,1669507583739003,2022-11-27 00:06:23
22640000.0,0.00033,1,1669507583739002,2022-11-27 00:06:23
22640000.0,0.06002652,1,1669507583739001,2022-11-27 00:06:23
22639000.0,0.00971746,1,1669507583739000,2022-11-27 00:06:23
22639000.0,0.00028254,1,1669507586721000,2022-11-27 00:06:26
22638000.0,0.0079548,1,1669507586721002,2022-11-27 00:06:26
22638000.0,0.04176266,1,1669507586721001,2022-11-27 00:06:26
22642000.0,0.00294009,0,1669507588240000,2022-11-27 00:06:28
22642000.0,0.012,0,1669507593186000,2022-11-27 00:06:33
22642000.0,0.01700345,0,1669507593378000,2022-11-27 00:06:33
22642000.0,0.0163,0,1669507595332000,2022-11-27 00:06:35
22642000.0,0.0635,0,1669507596065000,2022-11-27 00:06:36
22642000.0,0.02,0,1669507596943000,2022-11-27 00:06:36
22642000.0,0.00963603,0,1669507597810001,2022-11-27 00:06:37
22642000.0,0.00100397,0,1669507597810000,2022-11-27 00:06:37
22642000.0,0.0586,0,1669507597671000,2022-11-27 00:06:37
22640000.0,0.01545936,1,1669507597175000,2022-11-27 00:06:37
22639000.0,0.01798405,1,1669507597175001,2022-11-27 00:06:37
22642000.0,0.114285,0,1669507597966000,2022-11-27 00:06:37
22639000.0,0.00441658,1,1669507598348000,2022-11-27 00:06:38
22642000.0,0.03931093,0,1669507599638001,2022-11-27 00:06:39
22642000.0,0.08468907,0,1669507599638000,2022-11-27 00:06:39
22639000.0,0.2239442,1,1669507599404000,2022-11-27 00:06:39
22642000.0,0.13618,0,1669507601799000,2022-11-27 00:06:41
22642000.0,0.0228,0,1669507601752000,2022-11-27 00:06:41
22639000.0,0.09989264,1,1669507605139000,2022-11-27 00:06:45
22642000.0,0.0228,0,1669507605075000,2022-11-27 00:06:45
22639000.0,0.01086466,1,1669507605139001,2022-11-27 00:06:45
22639000.0,0.06477726,1,1669507606267000,2022-11-27 00:06:46
22642000.0,0.02208578,0,1669507614541000,2022-11-27 00:06:54
22639000.0,1.10563394,1,1669507615967002,2022-11-27 00:06:55
22639000.0,0.001,1,1669507615967001,2022-11-27 00:06:55
22639000.0,0.44362774,1,1669507615967000,2022-11-27 00:06:55
22642000.0,0.0192,0,1669507615541000,2022-11-27 00:06:55
22639000.0,0.12533902,0,1669507616824000,2022-11-27 00:06:56
22639000.0,0.362092,0,1669507616124000,2022-11-27 00:06:56
22639000.0,1.12798082,0,1669507616257000,2022-11-27 00:06:56
22639000.0,0.110889,0,1669507616949000,2022-11-27 00:06:56
22639000.0,0.43811447,0,1669507616375000,2022-11-27 00:06:56
22639000.0,0.0915,0,1669507617545000,2022-11-27 00:06:57
22639000.0,0.06485871,0,1669507617100000,2022-11-27 00:06:57
22638000.0,0.00497154,1,1669507618700000,2022-11-27 00:06:58
22639000.0,0.01290636,0,1669507620947001,2022-11-27 00:07:00
22639000.0,9.364e-05,0,1669507620947000,2022-11-27 00:07:00
22639000.0,6.374e-05,0,1669507622748000,2022-11-27 00:07:02
22639000.0,0.0239,0,1669507628698000,2022-11-27 00:07:08
22639000.0,0.01864212,1,1669507628443001,2022-11-27 00:07:08
22639000.0,0.00441657,1,1669507628443000,2022-11-27 00:07:08
22658000.0,0.02003679,0,1669507629319002,2022-11-27 00:07:09
22642000.0,3.184e-05,0,1669507629319001,2022-11-27 00:07:09
22639000.0,2.223e-05,0,1669507629319000,2022-11-27 00:07:09
22658000.0,0.004,0,1669507633757002,2022-11-27 00:07:13
22658000.0,0.0179464,0,1669507633757000,2022-11-27 00:07:13
22658000.0,0.0049,0,1669507633009000,2022-11-27 00:07:13
22658000.0,0.00013938,0,1669507633757001,2022-11-27 00:07:13
22658000.0,0.0049,0,1669507634548000,2022-11-27 00:07:14
22658000.0,0.00167077,0,1669507635330001,2022-11-27 00:07:15
22658000.0,0.00322923,0,1669507635330000,2022-11-27 00:07:15
22642000.0,0.00044134,1,1669507646395001,2022-11-27 00:07:26
22641000.0,0.05002091,1,1669507646395000,2022-11-27 00:07:26
22641000.0,0.010948,1,1669507651756000,2022-11-27 00:07:31
22641000.0,0.00029,1,1669507651756001,2022-11-27 00:07:31
22641000.0,0.02759803,1,1669507653724000,2022-11-27 00:07:33
22641000.0,0.05274719,1,1669507658267000,2022-11-27 00:07:38
22658000.0,0.00415947,0,1669507665891000,2022-11-27 00:07:45
22658000.0,0.0002104,0,1669507665891001,2022-11-27 00:07:45
22641000.0,0.05301559,1,1669507671033000,2022-11-27 00:07:51
22658000.0,0.01362419,0,1669507677797002,2022-11-27 00:07:57
22658000.0,0.00738581,0,1669507677797001,2022-11-27 00:07:57
22658000.0,0.02,0,1669507677797000,2022-11-27 00:07:57
22658000.0,0.044,0,1669507679217000,2022-11-27 00:07:59
22658000.0,0.03435,0,1669507679968000,2022-11-27 00:07:59
22658000.0,0.01325029,0,1669507681086000,2022-11-27 00:08:01
22658000.0,0.02367069,0,1669507681274000,2022-11-27 00:08:01
22658000.0,0.0061331,0,1669507681215000,2022-11-27 00:08:01
22658000.0,0.02783,0,1669507685327000,2022-11-27 00:08:05
22658000.0,0.00491,0,1669507686108000,2022-11-27 00:08:06
22658000.0,0.00070615,0,1669507689150000,2022-11-27 00:08:09
22658000.0,0.04395,0,1669507690539000,2022-11-27 00:08:10
22658000.0,0.01791861,0,1669507693105000,2022-11-27 00:08:13
22658000.0,0.04476819,0,1669507694234000,2022-11-27 00:08:14
22642000.0,0.07385234,0,1669507704088000,2022-11-27 00:08:24
22642000.0,0.00039042,1,1669507704011001,2022-11-27 00:08:24
22642000.0,0.00936728,0,1669507704148000,2022-11-27 00:08:24
22642000.0,0.00883431,1,1669507704011000,2022-11-27 00:08:24
22641000.0,0.04015877,1,1669507704194000,2022-11-27 00:08:24
22642000.0,0.067786,0,1669507704200000,2022-11-27 00:08:24
22642000.0,0.0415,0,1669507704148001,2022-11-27 00:08:24
22642000.0,0.09280447,0,1669507705037000,2022-11-27 00:08:25
22642000.0,0.00066177,0,1669507706163001,2022-11-27 00:08:26
22642000.0,0.00859611,0,1669507706163000,2022-11-27 00:08:26
22642000.0,0.00930892,0,1669507707243000,2022-11-27 00:08:27
22658000.0,0.00557163,0,1669507708942002,2022-11-27 00:08:28
22657000.0,0.04854798,0,1669507708942001,2022-11-27 00:08:28
22642000.0,0.00471324,0,1669507708942000,2022-11-27 00:08:28
22658000.0,0.00938475,0,1669507709244000,2022-11-27 00:08:29
22658000.0,0.000641,0,1669507712977000,2022-11-27 00:08:32
22658000.0,0.00107494,0,1669507712977001,2022-11-27 00:08:32
22658000.0,0.00065047,0,1669507712977002,2022-11-27 00:08:32
22658000.0,0.01497053,0,1669507712977004,2022-11-27 00:08:32
22658000.0,0.04854798,0,1669507712977005,2022-11-27 00:08:32
22658000.0,0.17103564,0,1669507712977003,2022-11-27 00:08:32
22658000.0,0.03608612,1,1669507715594000,2022-11-27 00:08:35
22658000.0,0.0439783,1,1669507716002000,2022-11-27 00:08:36
22658000.0,0.02458018,0,1669507717198000,2022-11-27 00:08:37
22658000.0,0.00487674,1,1669507717969000,2022-11-27 00:08:37
22658000.0,0.00044002,1,1669507726791000,2022-11-27 00:08:46
22658000.0,0.00411591,1,1669507731181001,2022-11-27 00:08:51
22658000.0,0.00349766,1,1669507731181002,2022-11-27 00:08:51
22658000.0,0.0005671,1,1669507731181000,2022-11-27 00:08:51
22658000.0,0.00043957,0,1669507732471000,2022-11-27 00:08:52
22647000.0,0.05567269,1,1669507741411000,2022-11-27 00:09:01
22649000.0,0.04838748,1,1669507744240000,2022-11-27 00:09:04
22649000.0,0.000485,1,1669507744288000,2022-11-27 00:09:04
22658000.0,0.01468465,0,1669507746496000,2022-11-27 00:09:06
22658000.0,0.07449326,1,1669507749025000,2022-11-27 00:09:09
22660000.0,0.00661959,0,1669507750841000,2022-11-27 00:09:10
22660000.0,0.04415205,0,1669507752143000,2022-11-27 00:09:12
22660000.0,0.01187052,0,1669507752042000,2022-11-27 00:09:12
22660000.0,0.00391238,0,1669507756184000,2022-11-27 00:09:16
22660000.0,0.00198221,0,1669507757457000,2022-11-27 00:09:17
22661000.0,0.01096024,0,1669507763564000,2022-11-27 00:09:23
22660000.0,0.01244823,0,1669507763571000,2022-11-27 00:09:23
22660000.0,0.0026733,0,1669507763571002,2022-11-27 00:09:23
22660000.0,0.0005,0,1669507763571001,2022-11-27 00:09:23
22660000.0,0.07218911,1,1669507768719000,2022-11-27 00:09:28
22660000.0,0.00473799,0,1669507769795000,2022-11-27 00:09:29
22660000.0,0.00540017,0,1669507769375000,2022-11-27 00:09:29
22660000.0,0.01745975,0,1669507770932000,2022-11-27 00:09:30
22661000.0,0.03758131,0,1669507771236002,2022-11-27 00:09:31
22663000.0,0.01205455,0,1669507771236000,2022-11-27 00:09:31
22660000.0,0.03860224,0,1669507771236001,2022-11-27 00:09:31
22661000.0,0.0432139,0,1669507771236003,2022-11-27 00:09:31
22661000.0,0.002548,0,1669507771236004,2022-11-27 00:09:31
22663000.0,0.03541088,0,1669507771742000,2022-11-27 00:09:31
22660000.0,0.02408912,0,1669507771742001,2022-11-27 00:09:31
22663000.0,0.0876,0,1669507771917000,2022-11-27 00:09:31
22663000.0,0.06,0,1669507772219000,2022-11-27 00:09:32
22658000.0,0.063,1,1669507772427000,2022-11-27 00:09:32
22663000.0,0.00900385,0,1669507773249000,2022-11-27 00:09:33
22663000.0,0.1015701,0,1669507775013000,2022-11-27 00:09:35
22658000.0,0.00947592,1,1669507775310000,2022-11-27 00:09:35
22660000.0,0.00043072,1,1669507775310001,2022-11-27 00:09:35
22658000.0,0.06838441,1,1669507775310002,2022-11-27 00:09:35
22658000.0,0.00434771,1,1669507775310004,2022-11-27 00:09:35
22658000.0,0.03477091,1,1669507775553000,2022-11-27 00:09:35
22658000.0,0.00107611,1,1669507775553001,2022-11-27 00:09:35
22658000.0,0.03336124,1,1669507775310003,2022-11-27 00:09:35
22663000.0,0.0142,0,1669507777323000,2022-11-27 00:09:37
22663000.0,0.1015701,0,1669507778250000,2022-11-27 00:09:38
22662000.0,0.00918377,0,1669507779540000,2022-11-27 00:09:39
22662000.0,0.00022063,0,1669507779411000,2022-11-27 00:09:39
22663000.0,0.08929429,0,1669507780368001,2022-11-27 00:09:40
22662000.0,0.01227581,0,1669507780368000,2022-11-27 00:09:40
22663000.0,0.01002719,0,1669507781343000,2022-11-27 00:09:41
22663000.0,0.01001064,0,1669507781343001,2022-11-27 00:09:41
22663000.0,0.0365,0,1669507781279000,2022-11-27 00:09:41
22658000.0,0.14621655,1,1669507781216001,2022-11-27 00:09:41
22660000.0,0.04410857,1,1669507781216000,2022-11-27 00:09:41
22663000.0,0.02291617,0,1669507782973000,2022-11-27 00:09:42
22663000.0,0.05785766,0,1669507782913000,2022-11-27 00:09:42
22663000.0,0.1015701,0,1669507782494000,2022-11-27 00:09:42
22663000.0,0.00632147,0,1669507783042000,2022-11-27 00:09:43
22663000.0,0.0191,0,1669507783280000,2022-11-27 00:09:43
22663000.0,0.00540748,0,1669507784668000,2022-11-27 00:09:44
22662000.0,0.0197559,0,1669507784479001,2022-11-27 00:09:44
22663000.0,0.0818142,0,1669507784479000,2022-11-27 00:09:44
22663000.0,0.0299,0,1669507785303000,2022-11-27 00:09:45
22663000.0,0.09047786,0,1669507786544000,2022-11-27 00:09:46
22663000.0,0.01009224,0,1669507786544001,2022-11-27 00:09:46
22663000.0,0.02006732,0,1669507786796000,2022-11-27 00:09:46
22663000.0,0.06006038,0,1669507786626000,2022-11-27 00:09:46
22663000.0,0.001,0,1669507786544002,2022-11-27 00:09:46
22663000.0,0.0158,0,1669507787275000,2022-11-27 00:09:47
22663000.0,0.02235084,0,1669507788404000,2022-11-27 00:09:48
22663000.0,0.00541329,0,1669507790315000,2022-11-27 00:09:50
22663000.0,1.593e-05,0,1669507791941000,2022-11-27 00:09:51
22663000.0,0.0162,0,1669507791278000,2022-11-27 00:09:51
22665000.0,0.00126721,0,1669507795338000,2022-11-27 00:09:55
22665000.0,0.00883279,0,1669507795338001,2022-11-27 00:09:55
22665000.0,2.336e-05,0,1669507795735000,2022-11-27 00:09:55
22665000.0,0.0016171,1,1669507796162000,2022-11-27 00:09:56
22666000.0,0.00608248,0,1669507800768000,2022-11-27 00:10:00
22666000.0,0.01530704,0,1669507801117000,2022-11-27 00:10:01
22665000.0,0.00756193,1,1669507801711001,2022-11-27 00:10:01
22665000.0,0.0115958,1,1669507801711000,2022-11-27 00:10:01
22665000.0,0.00079313,1,1669507804969000,2022-11-27 00:10:04
22665000.0,0.04625629,1,1669507805725000,2022-11-27 00:10:05
22666000.0,0.00564192,0,1669507808628000,2022-11-27 00:10:08
22666000.0,0.00441189,0,1669507808320000,2022-11-27 00:10:08
22666000.0,0.00071723,0,1669507808989000,2022-11-27 00:10:08
22666000.0,0.00318388,0,1669507808721000,2022-11-27 00:10:08
22666000.0,0.00075188,0,1669507812945000,2022-11-27 00:10:12
22665000.0,0.01837244,1,1669507812795000,2022-11-27 00:10:12
22666000.0,0.02555119,0,1669507813984000,2022-11-27 00:10:13
22666000.0,0.02002717,0,1669507815075000,2022-11-27 00:10:15
22666000.0,0.00639851,0,1669507815006000,2022-11-27 00:10:15
22666000.0,0.12466584,0,1669507816128000,2022-11-27 00:10:16
22666000.0,0.06754934,0,1669507816825000,2022-11-27 00:10:16
22666000.0,0.12518045,0,1669507816441000,2022-11-27 00:10:16
22666000.0,0.0080849,0,1669507817755000,2022-11-27 00:10:17
22666000.0,0.0725,0,1669507817459000,2022-11-27 00:10:17
22665000.0,0.00279935,1,1669507819812000,2022-11-27 00:10:19
22666000.0,0.00088237,0,1669507823783000,2022-11-27 00:10:23
22666000.0,0.00125889,0,1669507826306000,2022-11-27 00:10:26
22665000.0,0.0440691,1,1669507831045002,2022-11-27 00:10:31
22665000.0,0.00078395,1,1669507831045001,2022-11-27 00:10:31
22665000.0,0.01714479,1,1669507831045000,2022-11-27 00:10:31
22666000.0,0.005,0,1669507831435002,2022-11-27 00:10:31
22666000.0,0.00500576,0,1669507831435001,2022-11-27 00:10:31
22666000.0,0.000933,0,1669507831435000,2022-11-27 00:10:31
22666000.0,0.03330064,0,1669507833612000,2022-11-27 00:10:33
22666000.0,0.000978,0,1669507833612001,2022-11-27 00:10:33
22666000.0,0.00043072,0,1669507833612004,2022-11-27 00:10:33
22666000.0,0.00120931,0,1669507833612003,2022-11-27 00:10:33
22666000.0,0.01,0,1669507833612002,2022-11-27 00:10:33
22666000.0,0.0002228,0,1669507834698000,2022-11-27 00:10:34
22676000.0,0.00048554,0,1669507835548003,2022-11-27 00:10:35
22671000.0,0.00048565,0,1669507835548000,2022-11-27 00:10:35
22668000.0,0.00143325,0,1669507835548002,2022-11-27 00:10:35
22677000.0,0.003181,0,1669507835576000,2022-11-27 00:10:35
22676000.0,0.00238575,0,1669507835548001,2022-11-27 00:10:35
22679000.0,0.0008062,0,1669507835576002,2022-11-27 00:10:35
22680000.0,0.001,0,1669507835576003,2022-11-27 00:10:35
22680000.0,0.07215614,0,1669507835576004,2022-11-27 00:10:35
22677000.0,0.0003497,0,1669507835576001,2022-11-27 00:10:35
22666000.0,0.10377314,1,1669507836532000,2022-11-27 00:10:36
22665000.0,0.13241446,1,1669507836532001,2022-11-27 00:10:36
22666000.0,0.0325073,1,1669507836532003,2022-11-27 00:10:36
22665000.0,0.08872863,1,1669507836532002,2022-11-27 00:10:36
22666000.0,0.00165817,1,1669507836532005,2022-11-27 00:10:36
22666000.0,0.00352951,1,1669507836532006,2022-11-27 00:10:36
22680000.0,0.08703066,0,1669507836017000,2022-11-27 00:10:36
22665000.0,0.01225986,1,1669507836532004,2022-11-27 00:10:36
22680000.0,0.10377307,0,1669507837425000,2022-11-27 00:10:37
22680000.0,0.04324049,0,1669507837529000,2022-11-27 00:10:37
22680000.0,0.05621298,0,1669507837487001,2022-11-27 00:10:37
22680000.0,0.05188882,0,1669507837487000,2022-11-27 00:10:37
22681000.0,0.12533902,0,1669507838781001,2022-11-27 00:10:38
22680000.0,1.18247129,0,1669507838781000,2022-11-27 00:10:38
22682000.0,0.00048541,0,1669507838781002,2022-11-27 00:10:38
22682000.0,0.01858154,0,1669507838781003,2022-11-27 00:10:38
22680000.0,0.10377307,0,1669507838174000,2022-11-27 00:10:38
22680000.0,0.04756466,0,1669507838110000,2022-11-27 00:10:38
22680000.0,0.05188882,0,1669507838174001,2022-11-27 00:10:38
22683000.0,0.00088171,0,1669507839140000,2022-11-27 00:10:39
22682000.0,0.04627717,0,1669507839098000,2022-11-27 00:10:39
22683000.0,0.17883119,0,1669507839959000,2022-11-27 00:10:39
22683000.0,0.06994753,0,1669507840828000,2022-11-27 00:10:40
22683000.0,0.0643995,0,1669507840532000,2022-11-27 00:10:40
22683000.0,0.10536525,0,1669507840209000,2022-11-27 00:10:40
22684000.0,0.02197412,0,1669507841730001,2022-11-27 00:10:41
22683000.0,0.07827588,0,1669507841730000,2022-11-27 00:10:41
22683000.0,0.03611472,0,1669507841701001,2022-11-27 00:10:41
22683000.0,0.06765842,0,1669507841701000,2022-11-27 00:10:41
22683000.0,0.024267,0,1669507842758001,2022-11-27 00:10:42
22684000.0,0.04012989,0,1669507842758000,2022-11-27 00:10:42
22682000.0,0.17744024,1,1669507842571002,2022-11-27 00:10:42
22682000.0,0.02948035,1,1669507842571001,2022-11-27 00:10:42
22682000.0,0.05446159,1,1669507842571000,2022-11-27 00:10:42
22684000.0,0.07148493,0,1669507843874003,2022-11-27 00:10:43
22688000.0,1.21339442,0,1669507843874002,2022-11-27 00:10:43
22688000.0,0.00048528,0,1669507843874001,2022-11-27 00:10:43
22684000.0,0.04151263,0,1669507843874000,2022-11-27 00:10:43
22684000.0,0.00092853,0,1669507843617000,2022-11-27 00:10:43
22682000.0,0.00767132,1,1669507844940000,2022-11-27 00:10:44
22692000.0,0.01764758,0,1669507845180004,2022-11-27 00:10:45
22696000.0,0.03978055,0,1669507845180003,2022-11-27 00:10:45
22692000.0,0.00022039,0,1669507845180002,2022-11-27 00:10:45
22693000.0,0.00826636,0,1669507845180001,2022-11-27 00:10:45
22695000.0,0.00022036,0,1669507845180000,2022-11-27 00:10:45
22692000.0,0.02208675,0,1669507845180005,2022-11-27 00:10:45
22684000.0,0.04136735,0,1669507845873001,2022-11-27 00:10:45
22695000.0,0.02301648,0,1669507845873000,2022-11-27 00:10:45
22684000.0,0.00044083,0,1669507845406000,2022-11-27 00:10:45
22696000.0,0.00157959,0,1669507846357000,2022-11-27 00:10:46
22696000.0,0.07554633,0,1669507846982000,2022-11-27 00:10:46
22696000.0,0.16180979,0,1669507847611000,2022-11-27 00:10:47
22696000.0,0.04408487,0,1669507847488000,2022-11-27 00:10:47
22698000.0,0.00738021,0,1669507848707000,2022-11-27 00:10:48
22696000.0,0.0987202,1,1669507848898000,2022-11-27 00:10:48
22696000.0,0.0645,1,1669507848831000,2022-11-27 00:10:48
22698000.0,0.01321703,0,1669507848707003,2022-11-27 00:10:48
22698000.0,0.0012119,0,1669507848707002,2022-11-27 00:10:48
22697000.0,0.00022034,0,1669507848707001,2022-11-27 00:10:48
22696000.0,0.07447406,0,1669507848657000,2022-11-27 00:10:48
22697000.0,0.00283235,0,1669507849574000,2022-11-27 00:10:49
22696000.0,0.06984734,1,1669507849587000,2022-11-27 00:10:49
22697000.0,0.00665295,0,1669507849080001,2022-11-27 00:10:49
22690000.0,0.0502798,0,1669507849080000,2022-11-27 00:10:49
22696000.0,0.0110102,0,1669507849916000,2022-11-27 00:10:49
22697000.0,0.0055021,0,1669507851148000,2022-11-27 00:10:51
22696000.0,0.0877,1,1669507852272000,2022-11-27 00:10:52
22696000.0,0.025,1,1669507852272001,2022-11-27 00:10:52
22696000.0,0.025,1,1669507852272002,2022-11-27 00:10:52
22696000.0,0.05,1,1669507852228000,2022-11-27 00:10:52
22697000.0,0.00274968,0,1669507852364000,2022-11-27 00:10:52
22696000.0,0.005,1,1669507853134000,2022-11-27 00:10:53
22697000.0,0.00137415,0,1669507853580000,2022-11-27 00:10:53
22696000.0,0.0408,1,1669507854226000,2022-11-27 00:10:54
22696000.0,0.00068676,0,1669507854810000,2022-11-27 00:10:54
22696000.0,0.21051424,1,1669507854322000,2022-11-27 00:10:54
22696000.0,0.00034321,0,1669507856064000,2022-11-27 00:10:56
22682000.0,0.02204585,1,1669507856915001,2022-11-27 00:10:56
22682000.0,0.5,1,1669507856915000,2022-11-27 00:10:56
22682000.0,0.00052768,0,1669507857789000,2022-11-27 00:10:57
22666000.0,0.04,1,1669507861151000,2022-11-27 00:11:01
22683000.0,0.00220429,0,1669507865414000,2022-11-27 00:11:05
22660000.0,0.0004413,1,1669507871740015,2022-11-27 00:11:11
22665000.0,0.02206044,1,1669507871740016,2022-11-27 00:11:11
22660000.0,1.0,1,1669507871740017,2022-11-27 00:11:11
22664000.0,0.44136495,1,1669507871740013,2022-11-27 00:11:11
22663000.0,0.41887947,1,1669507871740014,2022-11-27 00:11:11
22663000.0,0.00036172,1,1669507871740018,2022-11-27 00:11:11
22660000.0,0.0044109,1,1669507871740012,2022-11-27 00:11:11
22660000.0,0.00079881,0,1669507872511000,2022-11-27 00:11:12
22660000.0,0.01311634,0,1669507872420000,2022-11-27 00:11:12
22660000.0,0.02847105,0,1669507872084000,2022-11-27 00:11:12
22660000.0,0.02842,0,1669507872017000,2022-11-27 00:11:12
22660000.0,0.00943032,0,1669507872142000,2022-11-27 00:11:12
22660000.0,0.04928282,0,1669507873443000,2022-11-27 00:11:13
22660000.0,0.04403,0,1669507873491000,2022-11-27 00:11:13
22660000.0,0.04249,0,1669507873491001,2022-11-27 00:11:13
22660000.0,0.2428,0,1669507873382000,2022-11-27 00:11:13
22660000.0,0.01307883,0,1669507873564000,2022-11-27 00:11:13
22660000.0,0.1016088,0,1669507873112001,2022-11-27 00:11:13
22660000.0,0.09278874,0,1669507873785000,2022-11-27 00:11:13
22660000.0,0.04236929,0,1669507873067000,2022-11-27 00:11:13
22660000.0,0.02010993,0,1669507873112000,2022-11-27 00:11:13
22660000.0,0.01398186,0,1669507873632000,2022-11-27 00:11:13
22660000.0,0.1016088,0,1669507874168000,2022-11-27 00:11:14
22660000.0,0.02838742,0,1669507874985000,2022-11-27 00:11:14
22660000.0,0.0197,0,1669507874716000,2022-11-27 00:11:14
22660000.0,0.04236929,0,1669507874667000,2022-11-27 00:11:14
22660000.0,0.04399,0,1669507875582000,2022-11-27 00:11:15
22660000.0,0.01501482,0,1669507875926000,2022-11-27 00:11:15
22660000.0,0.0184,0,1669507876697000,2022-11-27 00:11:16
22660000.0,0.1016088,0,1669507876888000,2022-11-27 00:11:16
22660000.0,0.0084992,0,1669507876453000,2022-11-27 00:11:16
22660000.0,0.04236929,0,1669507876188000,2022-11-27 00:11:16
22660000.0,0.00854821,0,1669507876407000,2022-11-27 00:11:16
22660000.0,0.71210102,0,1669507877045000,2022-11-27 00:11:17
22683000.0,0.00449675,0,1669507878204000,2022-11-27 00:11:18
22683000.0,0.0059298,0,1669507878263000,2022-11-27 00:11:18
22666000.0,0.1346496,1,1669507879230000,2022-11-27 00:11:19
22660000.0,0.03929897,1,1669507879230001,2022-11-27 00:11:19
22660000.0,0.01169385,1,1669507880871001,2022-11-27 00:11:20
22660000.0,0.00135557,1,1669507880871000,2022-11-27 00:11:20
22683000.0,0.00442088,0,1669507880395000,2022-11-27 00:11:20
22683000.0,0.02708864,0,1669507882744001,2022-11-27 00:11:22
22683000.0,0.10013121,0,1669507882837000,2022-11-27 00:11:22
22683000.0,0.01528065,0,1669507882744000,2022-11-27 00:11:22
22683000.0,0.00147759,0,1669507882837001,2022-11-27 00:11:22
22683000.0,0.05508007,0,1669507883058000,2022-11-27 00:11:23
22683000.0,0.01398186,0,1669507883128000,2022-11-27 00:11:23
22683000.0,0.05508007,0,1669507884268000,2022-11-27 00:11:24
22683000.0,0.00555865,0,1669507886939000,2022-11-27 00:11:26
22660000.0,0.00029244,1,1669507891488001,2022-11-27 00:11:31
22660000.0,0.00022612,1,1669507891488000,2022-11-27 00:11:31
22683000.0,0.0940118,0,1669507892295001,2022-11-27 00:11:32
22683000.0,0.007597,0,1669507892295000,2022-11-27 00:11:32
22659000.0,0.10955513,1,1669507893721002,2022-11-27 00:11:33
22660000.0,0.0017933,1,1669507893721000,2022-11-27 00:11:33
22659000.0,0.04413257,1,1669507893721001,2022-11-27 00:11:33
22660000.0,0.0004413,1,1669507893721004,2022-11-27 00:11:33
22659000.0,0.0176442,1,1669507893721003,2022-11-27 00:11:33
22660000.0,0.00023061,1,1669507893721006,2022-11-27 00:11:33
22660000.0,0.00024274,1,1669507893721007,2022-11-27 00:11:33
22660000.0,0.00196015,1,1669507893721005,2022-11-27 00:11:33
22683000.0,0.00022042,0,1669507894215000,2022-11-27 00:11:34
22683000.0,0.00242062,0,1669507896828000,2022-11-27 00:11:36
22683000.0,0.00799381,0,1669507896333001,2022-11-27 00:11:36
22683000.0,0.09361499,0,1669507896333000,2022-11-27 00:11:36
22658000.0,0.00302931,1,1669507898558000,2022-11-27 00:11:38
22683000.0,0.00024,0,1669507898901000,2022-11-27 00:11:38
22659000.0,0.01170686,1,1669507898763000,2022-11-27 00:11:38
22682000.0,0.09897892,0,1669507901562000,2022-11-27 00:11:41
22682000.0,0.02106375,0,1669507905573000,2022-11-27 00:11:45
22682000.0,0.044,0,1669507912479000,2022-11-27 00:11:52
22682000.0,0.08397719,0,1669507913453001,2022-11-27 00:11:53
22681000.0,0.01763591,0,1669507913453000,2022-11-27 00:11:53
22660000.0,0.00595074,1,1669507918508000,2022-11-27 00:11:58
22682000.0,0.01498813,0,1669507921587003,2022-11-27 00:12:01
22682000.0,0.00034363,0,1669507921587002,2022-11-27 00:12:01
22682000.0,0.00806528,0,1669507921587001,2022-11-27 00:12:01
22682000.0,0.00926229,0,1669507921587000,2022-11-27 00:12:01
22683000.0,0.06422972,0,1669507923433000,2022-11-27 00:12:03
22682000.0,0.02143961,0,1669507923433001,2022-11-27 00:12:03
22682000.0,0.10162171,0,1669507928019000,2022-11-27 00:12:08
22682000.0,0.0946689,0,1669507929888000,2022-11-27 00:12:09
22682000.0,0.00389706,0,1669507932176001,2022-11-27 00:12:12
22682000.0,0.22001604,0,1669507932176000,2022-11-27 00:12:12
22682000.0,0.01014405,0,1669507935328000,2022-11-27 00:12:15
22682000.0,0.00849259,0,1669507936703000,2022-11-27 00:12:16
22682000.0,0.05079186,0,1669507942916000,2022-11-27 00:12:22
22681000.0,0.01612,0,1669507949700000,2022-11-27 00:12:29
22681000.0,0.01811041,0,1669507950071001,2022-11-27 00:12:30
22681000.0,0.00310959,0,1669507950071000,2022-11-27 00:12:30
22681000.0,0.00088179,0,1669507950832000,2022-11-27 00:12:30
22681000.0,0.00849,0,1669507950403000,2022-11-27 00:12:30
22681000.0,0.00440657,0,1669507952205000,2022-11-27 00:12:32
22681000.0,0.0112812,0,1669507955149000,2022-11-27 00:12:35
22681000.0,0.02206767,0,1669507957040000,2022-11-27 00:12:37
22681000.0,0.00044089,0,1669507957426000,2022-11-27 00:12:37
22681000.0,0.00490042,0,1669507962268001,2022-11-27 00:12:42
22679000.0,0.00634721,0,1669507962268000,2022-11-27 00:12:42
22660000.0,0.00512576,1,1669507964615004,2022-11-27 00:12:44
22660000.0,0.03421643,1,1669507964615003,2022-11-27 00:12:44
22660000.0,0.01765225,1,1669507964615002,2022-11-27 00:12:44
22660000.0,0.06594623,1,1669507964615001,2022-11-27 00:12:44
22660000.0,0.01102714,1,1669507964615000,2022-11-27 00:12:44
22659000.0,0.00777441,1,1669507969488000,2022-11-27 00:12:49
22659000.0,0.01035845,1,1669507969488001,2022-11-27 00:12:49
22660000.0,0.00052956,0,1669507969196000,2022-11-27 00:12:49
22660000.0,0.00088261,0,1669507969780000,2022-11-27 00:12:49
22660000.0,0.00452627,0,1669507972977000,2022-11-27 00:12:52
22659000.0,0.00448875,1,1669507972936000,2022-11-27 00:12:52
22660000.0,0.00850299,0,1669507973211000,2022-11-27 00:12:53
22660000.0,0.00052956,0,1669507973162000,2022-11-27 00:12:53
22660000.0,0.01314633,0,1669507973046000,2022-11-27 00:12:53
22660000.0,0.0356,0,1669507973839000,2022-11-27 00:12:53
22660000.0,0.09953406,0,1669507975711000,2022-11-27 00:12:55
22660000.0,0.01614637,0,1669507975256000,2022-11-27 00:12:55
22660000.0,0.10166045,0,1669507975009000,2022-11-27 00:12:55
22660000.0,0.0160681,0,1669507975079000,2022-11-27 00:12:55
22660000.0,0.00088261,0,1669507976932000,2022-11-27 00:12:56
22660000.0,0.01203535,0,1669507976789000,2022-11-27 00:12:56
22660000.0,0.00789816,0,1669507976741000,2022-11-27 00:12:56
22660000.0,0.08369329,0,1669507976380000,2022-11-27 00:12:56
22660000.0,0.00647443,0,1669507978086000,2022-11-27 00:12:58
22659000.0,0.0006134,1,1669507979455001,2022-11-27 00:12:59
22659000.0,0.03321039,1,1669507979455000,2022-11-27 00:12:59
22659000.0,0.00601252,1,1669507979455002,2022-11-27 00:12:59
22659000.0,0.00044128,0,1669507981895000,2022-11-27 00:13:01
22659000.0,0.00220653,0,1669507981421000,2022-11-27 00:13:01
22659000.0,0.00708342,0,1669507982041000,2022-11-27 00:13:02
22659000.0,0.00088265,0,1669507982707000,2022-11-27 00:13:02
22659000.0,0.00176468,0,1669507982854000,2022-11-27 00:13:02
22659000.0,0.03,0,1669507982088000,2022-11-27 00:13:02
22658000.0,0.01048695,1,1669507982165000,2022-11-27 00:13:02
22659000.0,0.01212207,0,1669507983964000,2022-11-27 00:13:03
22659000.0,0.00468126,0,1669507988804000,2022-11-27 00:13:08
22659000.0,0.10845453,0,1669507989865000,2022-11-27 00:13:09
22658000.0,0.00088241,1,1669507993192002,2022-11-27 00:13:13
22658000.0,0.0054112,1,1669507993192001,2022-11-27 00:13:13
22658000.0,0.05986369,1,1669507993192000,2022-11-27 00:13:13
22659000.0,0.031,0,1669507994514000,2022-11-27 00:13:14
22659000.0,0.01013219,0,1669507996620000,2022-11-27 00:13:16
22659000.0,0.00244423,0,1669507998756000,2022-11-27 00:13:18
22658000.0,0.00022071,1,1669507999747001,2022-11-27 00:13:19
22658000.0,0.06796504,1,1669507999747000,2022-11-27 00:13:19
22655000.0,0.01279844,1,1669508005047000,2022-11-27 00:13:25
22654000.0,0.02207115,1,1669508005047002,2022-11-27 00:13:25
22654000.0,0.00441423,1,1669508005047003,2022-11-27 00:13:25
22650000.0,0.13812158,1,1669508005047004,2022-11-27 00:13:25
22651000.0,0.00882963,1,1669508005047001,2022-11-27 00:13:25
22650000.0,0.00022469,1,1669508005047006,2022-11-27 00:13:25
22650000.0,0.0248499,1,1669508005047007,2022-11-27 00:13:25
22651000.0,0.0022074,1,1669508005047005,2022-11-27 00:13:25
22653000.0,0.00024279,1,1669508005047008,2022-11-27 00:13:25
22659000.0,0.01291434,0,1669508013622000,2022-11-27 00:13:33
22659000.0,0.00636928,0,1669508015210000,2022-11-27 00:13:35
22653000.0,0.00441442,1,1669508016939000,2022-11-27 00:13:36
22653000.0,0.00373,0,1669508019414000,2022-11-27 00:13:39
22658000.0,0.02840909,0,1669508021476000,2022-11-27 00:13:41
22658000.0,0.00105573,0,1669508021751000,2022-11-27 00:13:41
22658000.0,0.05436167,0,1669508021246001,2022-11-27 00:13:41
22653000.0,0.00076044,0,1669508021246000,2022-11-27 00:13:41
22659000.0,0.09180383,0,1669508021751001,2022-11-27 00:13:41
22659000.0,0.09285956,0,1669508022252000,2022-11-27 00:13:42
22650000.0,0.0074899,1,1669508028899001,2022-11-27 00:13:48
22658000.0,0.00044135,1,1669508028899000,2022-11-27 00:13:48
22650000.0,0.03660321,1,1669508031898005,2022-11-27 00:13:51
22650000.0,0.00022079,1,1669508031898004,2022-11-27 00:13:51
22650000.0,0.0022075,1,1669508031898003,2022-11-27 00:13:51
22650000.0,0.00440888,1,1669508031898002,2022-11-27 00:13:51
22650000.0,0.15190598,1,1669508031898001,2022-11-27 00:13:51
22650000.0,0.06006003,1,1669508031898000,2022-11-27 00:13:51
22650000.0,0.01739,0,1669508032416000,2022-11-27 00:13:52
22650000.0,0.01160616,0,1669508032150000,2022-11-27 00:13:52
22650000.0,0.01440382,0,1669508032102000,2022-11-27 00:13:52
22650000.0,0.00837825,0,1669508033548000,2022-11-27 00:13:53
22650000.0,0.06258854,0,1669508033824000,2022-11-27 00:13:53
22650000.0,0.15444816,0,1669508034119000,2022-11-27 00:13:54
22650000.0,0.00273465,0,1669508035947000,2022-11-27 00:13:55
22650000.0,0.00912357,0,1669508035472000,2022-11-27 00:13:55
22650000.0,0.25937898,0,1669508037251000,2022-11-27 00:13:57
22650000.0,0.01284254,0,1669508037911000,2022-11-27 00:13:57
22650000.0,0.01281087,0,1669508037865000,2022-11-27 00:13:57
22650000.0,0.01171484,0,1669508039477000,2022-11-27 00:13:59
22649000.0,0.00441325,1,1669508040036002,2022-11-27 00:14:00
22649000.0,0.00024283,1,1669508040036001,2022-11-27 00:14:00
22649000.0,0.0022076,1,1669508040036000,2022-11-27 00:14:00
22648000.0,0.00061094,1,1669508040926000,2022-11-27 00:14:00
22647000.0,0.03134651,1,1669508040926003,2022-11-27 00:14:00
22647000.0,0.00441325,1,1669508040926002,2022-11-27 00:14:00
22647000.0,0.00220779,1,1669508040926001,2022-11-27 00:14:00
22647000.0,0.00914,0,1669508041297000,2022-11-27 00:14:01
22647000.0,0.00924262,0,1669508041051000,2022-11-27 00:14:01
22647000.0,0.0128233,0,1669508041101000,2022-11-27 00:14:01
22647000.0,0.0125942,0,1669508042244000,2022-11-27 00:14:02
22647000.0,0.05513146,0,1669508042176000,2022-11-27 00:14:02
22647000.0,0.02841391,0,1669508042072000,2022-11-27 00:14:02
22647000.0,0.02307,0,1669508042342000,2022-11-27 00:14:02
22647000.0,0.01276899,0,1669508042292000,2022-11-27 00:14:02
22647000.0,0.01299563,0,1669508044279000,2022-11-27 00:14:04
22647000.0,0.02841391,0,1669508044802000,2022-11-27 00:14:04
22647000.0,0.02746334,0,1669508044229000,2022-11-27 00:14:04
22647000.0,0.09287531,0,1669508044672000,2022-11-27 00:14:04
22650000.0,0.01095998,0,1669508045837000,2022-11-27 00:14:05
22650000.0,0.01338493,0,1669508045615000,2022-11-27 00:14:05
22647000.0,0.13304588,0,1669508045353001,2022-11-27 00:14:05
22647000.0,0.03616808,0,1669508045353000,2022-11-27 00:14:05
22647000.0,0.00354953,1,1669508047870000,2022-11-27 00:14:07
22647000.0,0.03075384,1,1669508047528000,2022-11-27 00:14:07
22650000.0,0.00935581,0,1669508047508000,2022-11-27 00:14:07
22650000.0,0.00935812,0,1669508047463000,2022-11-27 00:14:07
22650000.0,0.00934626,0,1669508048706000,2022-11-27 00:14:08
22650000.0,0.00751134,0,1669508050320000,2022-11-27 00:14:10
22650000.0,0.00921293,0,1669508051657000,2022-11-27 00:14:11
22647000.0,0.00786521,1,1669508053082000,2022-11-27 00:14:13
22647000.0,0.02531005,1,1669508053558000,2022-11-27 00:14:13
22650000.0,0.009,0,1669508054274000,2022-11-27 00:14:14
22650000.0,0.000883,0,1669508058946000,2022-11-27 00:14:18
22647000.0,0.01247032,1,1669508060069000,2022-11-27 00:14:20
22650000.0,0.00022958,0,1669508060828000,2022-11-27 00:14:20
22647000.0,0.00198221,1,1669508060339000,2022-11-27 00:14:20
22650000.0,0.00022958,0,1669508063047000,2022-11-27 00:14:23
22650000.0,0.00441501,0,1669508064012000,2022-11-27 00:14:24
22650000.0,0.00441501,0,1669508065826000,2022-11-27 00:14:25
22650000.0,0.00022958,0,1669508065254000,2022-11-27 00:14:25
22650000.0,0.00022958,0,1669508067458000,2022-11-27 00:14:27
22650000.0,0.00022958,0,1669508069490000,2022-11-27 00:14:29
22650000.0,0.05345411,0,1669508073974003,2022-11-27 00:14:33
22650000.0,0.00044151,0,1669508073974002,2022-11-27 00:14:33
22650000.0,0.06615102,0,1669508073974001,2022-11-27 00:14:33
22650000.0,0.14915336,0,1669508073974000,2022-11-27 00:14:33
22650000.0,0.00022958,0,1669508073305000,2022-11-27 00:14:33
22650000.0,0.036,0,1669508075990000,2022-11-27 00:14:35
22650000.0,0.027,0,1669508075292000,2022-11-27 00:14:35
22650000.0,0.00022958,0,1669508076820000,2022-11-27 00:14:36
22650000.0,0.01098348,0,1669508076444000,2022-11-27 00:14:36
22650000.0,0.0657,0,1669508077994000,2022-11-27 00:14:37
22650000.0,0.00022958,0,1669508079067000,2022-11-27 00:14:39
22650000.0,0.00271767,0,1669508080415000,2022-11-27 00:14:40
22650000.0,0.1927,0,1669508081980000,2022-11-27 00:14:41
22650000.0,0.01462,0,1669508083113000,2022-11-27 00:14:43
22650000.0,0.00718625,0,1669508083067000,2022-11-27 00:14:43
22650000.0,0.0021,0,1669508083490000,2022-11-27 00:14:43
22650000.0,0.00436254,0,1669508084348000,2022-11-27 00:14:44
22650000.0,0.20635222,0,1669508087584000,2022-11-27 00:14:47
22647000.0,0.00167227,1,1669508088647000,2022-11-27 00:14:48
22650000.0,0.00128917,0,1669508089688000,2022-11-27 00:14:49
22647000.0,0.00633669,1,1669508090366000,2022-11-27 00:14:50
22647000.0,0.01573098,1,1669508090366001,2022-11-27 00:14:50
22650000.0,0.0095,0,1669508090690000,2022-11-27 00:14:50
22650000.0,0.0242,0,1669508093953000,2022-11-27 00:14:53
22647000.0,0.05920691,1,1669508096226003,2022-11-27 00:14:56
22645000.0,0.00220799,1,1669508096226004,2022-11-27 00:14:56
22645000.0,0.00180271,1,1669508096226005,2022-11-27 00:14:56
22642000.0,0.00204897,1,1669508096226006,2022-11-27 00:14:56
22647000.0,0.00264935,1,1669508096226002,2022-11-27 00:14:56
22642000.0,0.00351755,1,1669508096226008,2022-11-27 00:14:56
22643000.0,0.00220818,1,1669508096226009,2022-11-27 00:14:56
22645000.0,0.00022775,1,1669508096226010,2022-11-27 00:14:56
22643000.0,0.00682532,1,1669508096226011,2022-11-27 00:14:56
22643000.0,0.0002429,1,1669508096226007,2022-11-27 00:14:56
22647000.0,0.0013245,1,1669508097933000,2022-11-27 00:14:57
22647000.0,0.0441,0,1669508098674000,2022-11-27 00:14:58
22643000.0,0.00634231,0,1669508098474000,2022-11-27 00:14:58
22642000.0,0.031,1,1669508100639000,2022-11-27 00:15:00
22642000.0,0.0039424,1,1669508106894000,2022-11-27 00:15:06
22647000.0,0.01804404,0,1669508111290001,2022-11-27 00:15:11
22647000.0,5.596e-05,0,1669508111290000,2022-11-27 00:15:11
22647000.0,0.00756645,0,1669508113492000,2022-11-27 00:15:13
22647000.0,0.00604948,0,1669508115066000,2022-11-27 00:15:15
22647000.0,0.00618403,0,1669508116499000,2022-11-27 00:15:16
22647000.0,0.00775312,0,1669508117668000,2022-11-27 00:15:17
22647000.0,0.030836,0,1669508117668001,2022-11-27 00:15:17
22647000.0,0.0152,0,1669508119490000,2022-11-27 00:15:19
22649000.0,0.02206981,0,1669508120911001,2022-11-27 00:15:20
22647000.0,6.22e-06,0,1669508120911000,2022-11-27 00:15:20
22649000.0,0.02051543,0,1669508121120000,2022-11-27 00:15:21
22649000.0,0.02742141,0,1669508121060000,2022-11-27 00:15:21
22649000.0,0.0688,0,1669508121496000,2022-11-27 00:15:21
22649000.0,0.02054589,0,1669508122652000,2022-11-27 00:15:22
22649000.0,0.0347,0,1669508123477000,2022-11-27 00:15:23
22649000.0,0.00135675,0,1669508123511001,2022-11-27 00:15:23
22650000.0,0.24159799,0,1669508123511000,2022-11-27 00:15:23
22649000.0,0.0044106,0,1669508123202000,2022-11-27 00:15:23
22649000.0,0.02364228,0,1669508123099000,2022-11-27 00:15:23
22650000.0,0.03863918,0,1669508124481000,2022-11-27 00:15:24
22650000.0,0.0517,0,1669508125503000,2022-11-27 00:15:25
22650000.0,0.0044106,0,1669508126053000,2022-11-27 00:15:26
22650000.0,0.0435,0,1669508127503000,2022-11-27 00:15:27
22650000.0,0.01684943,0,1669508129653000,2022-11-27 00:15:29
22650000.0,0.02652167,0,1669508129606000,2022-11-27 00:15:29
22650000.0,0.0122,0,1669508129491000,2022-11-27 00:15:29
22649000.0,0.03696276,1,1669508129360000,2022-11-27 00:15:29
22649000.0,0.01293823,0,1669508131266000,2022-11-27 00:15:31
22649000.0,0.00044152,0,1669508131459000,2022-11-27 00:15:31
22649000.0,0.00385368,1,1669508131032000,2022-11-27 00:15:31
22649000.0,0.01356794,0,1669508131172000,2022-11-27 00:15:31
22649000.0,0.0179,0,1669508131505000,2022-11-27 00:15:31
22649000.0,0.0092384,0,1669508132826000,2022-11-27 00:15:32
22649000.0,0.08826001,0,1669508134709000,2022-11-27 00:15:34
22646000.0,0.00647443,1,1669508136798000,2022-11-27 00:15:36
22648000.0,0.04347,0,1669508137116001,2022-11-27 00:15:37
22649000.0,0.01164744,0,1669508137116000,2022-11-27 00:15:37
22649000.0,0.011,0,1669508137770000,2022-11-27 00:15:37
22649000.0,0.00540312,0,1669508142367000,2022-11-27 00:15:42
22649000.0,0.01413691,0,1669508143659000,2022-11-27 00:15:43
22650000.0,0.01103752,0,1669508145192000,2022-11-27 00:15:45
22650000.0,0.07,0,1669508150672000,2022-11-27 00:15:50
22650000.0,0.05516919,0,1669508152946000,2022-11-27 00:15:52
22650000.0,0.02205299,0,1669508152426000,2022-11-27 00:15:52
22650000.0,0.0139,0,1669508154425000,2022-11-27 00:15:54
22650000.0,0.004,0,1669508156732000,2022-11-27 00:15:56
22649000.0,0.07576571,1,1669508156665000,2022-11-27 00:15:56
22649000.0,0.03541988,1,1669508159335000,2022-11-27 00:15:59
22650000.0,0.84430583,0,1669508164575000,2022-11-27 00:16:04
22649000.0,0.08823399,1,1669508165903000,2022-11-27 00:16:05
22650000.0,0.01764239,0,1669508166752000,2022-11-27 00:16:06
22650000.0,0.00026048,0,1669508166801000,2022-11-27 00:16:06
22650000.0,0.00026048,0,1669508166866000,2022-11-27 00:16:06
22649000.0,0.15962209,1,1669508167200000,2022-11-27 00:16:07
22650000.0,0.01764239,0,1669508169223000,2022-11-27 00:16:09
22649000.0,0.09900468,1,1669508171689003,2022-11-27 00:16:11
22649000.0,0.0044152,1,1669508171689004,2022-11-27 00:16:11
22649000.0,0.04282657,0,1669508171724000,2022-11-27 00:16:11
22650000.0,0.01010059,0,1669508171724001,2022-11-27 00:16:11
22649000.0,0.0005039,1,1669508171689002,2022-11-27 00:16:11
22647000.0,0.00392659,1,1669508171898001,2022-11-27 00:16:11
22646000.0,0.01168142,1,1669508171898002,2022-11-27 00:16:11
22643000.0,0.11444306,1,1669508171898003,2022-11-27 00:16:11
22647000.0,0.00050347,1,1669508171898000,2022-11-27 00:16:11
22650000.0,0.01936658,0,1669508172653000,2022-11-27 00:16:12
22650000.0,0.02406361,0,1669508172706000,2022-11-27 00:16:12
22650000.0,0.0122,0,1669508172589000,2022-11-27 00:16:12
22650000.0,0.101,0,1669508172173000,2022-11-27 00:16:12
22650000.0,0.00071761,0,1669508173906000,2022-11-27 00:16:13
22650000.0,0.05733775,0,1669508173222000,2022-11-27 00:16:13
22650000.0,0.01934108,0,1669508174233000,2022-11-27 00:16:14
22650000.0,0.02044666,0,1669508175858000,2022-11-27 00:16:15
22650000.0,0.00278392,0,1669508181248000,2022-11-27 00:16:21
22650000.0,0.01980293,0,1669508186837001,2022-11-27 00:16:26
22649000.0,0.00319707,0,1669508186837000,2022-11-27 00:16:26
22650000.0,0.01686154,0,1669508188898000,2022-11-27 00:16:28
22643000.0,0.02346563,1,1669508192956000,2022-11-27 00:16:32
22643000.0,0.002429,1,1669508192956001,2022-11-27 00:16:32
22643000.0,0.0122,0,1669508194662000,2022-11-27 00:16:34
22643000.0,0.0165,0,1669508196661000,2022-11-27 00:16:36
22643000.0,0.01166457,0,1669508196578000,2022-11-27 00:16:36
22643000.0,0.0116512,0,1669508196537000,2022-11-27 00:16:36
22649000.0,0.1049583,0,1669508197276001,2022-11-27 00:16:37
22643000.0,0.0750417,0,1669508197276000,2022-11-27 00:16:37
22650000.0,0.01802061,0,1669508198242001,2022-11-27 00:16:38
22649000.0,0.01071924,0,1669508198242000,2022-11-27 00:16:38
22649000.0,0.01522031,0,1669508198154000,2022-11-27 00:16:38
22650000.0,0.02436113,0,1669508199200000,2022-11-27 00:16:39
22650000.0,0.01903749,0,1669508199141000,2022-11-27 00:16:39
22650000.0,0.01325201,0,1669508199532000,2022-11-27 00:16:39
22642000.0,0.0002213,1,1669508201362000,2022-11-27 00:16:41
22650000.0,0.04412809,0,1669508201566000,2022-11-27 00:16:41
22650000.0,0.01162469,0,1669508201988000,2022-11-27 00:16:41
22650000.0,0.01096201,0,1669508202880000,2022-11-27 00:16:42
22650000.0,0.00083501,0,1669508202036001,2022-11-27 00:16:42
22650000.0,0.01820809,0,1669508202036000,2022-11-27 00:16:42
22650000.0,0.01094677,0,1669508203253000,2022-11-27 00:16:43
22650000.0,0.04412804,0,1669508204822000,2022-11-27 00:16:44
22642000.0,0.0215382,1,1669508205797000,2022-11-27 00:16:45
22642000.0,0.00088553,1,1669508205963000,2022-11-27 00:16:45
22650000.0,0.01228971,0,1669508205075000,2022-11-27 00:16:45
22642000.0,0.00022087,1,1669508205096000,2022-11-27 00:16:45
22642000.0,0.0013245,1,1669508205096005,2022-11-27 00:16:45
22642000.0,0.05838407,1,1669508205096002,2022-11-27 00:16:45
22642000.0,0.00441657,1,1669508205096003,2022-11-27 00:16:45
22642000.0,0.00489028,1,1669508205096004,2022-11-27 00:16:45
22642000.0,0.00388883,1,1669508205096006,2022-11-27 00:16:45
22642000.0,0.11269818,1,1669508205096001,2022-11-27 00:16:45
22642000.0,0.02529319,1,1669508206116000,2022-11-27 00:16:46
22642000.0,0.12732931,1,1669508209957000,2022-11-27 00:16:49
22650000.0,0.0195,0,1669508211289000,2022-11-27 00:16:51
22650000.0,0.00467597,0,1669508211503000,2022-11-27 00:16:51
22650000.0,0.03456413,0,1669508219846000,2022-11-27 00:16:59
22650000.0,0.10170784,0,1669508221240000,2022-11-27 00:17:01
22650000.0,0.10170784,0,1669508222621000,2022-11-27 00:17:02
22650000.0,0.01111972,0,1669508222475000,2022-11-27 00:17:02
22642000.0,0.00022129,1,1669508222451000,2022-11-27 00:17:02
22642000.0,0.01199206,1,1669508222391001,2022-11-27 00:17:02
22643000.0,0.00026794,1,1669508222391000,2022-11-27 00:17:02
22642000.0,0.03958698,1,1669508224597000,2022-11-27 00:17:04
22642000.0,0.00283203,1,1669508225173000,2022-11-27 00:17:05
22642000.0,0.00654622,1,1669508226257000,2022-11-27 00:17:06
22650000.0,0.032,0,1669508226863000,2022-11-27 00:17:06
22642000.0,0.04395243,1,1669508227844000,2022-11-27 00:17:07
22642000.0,0.00305752,1,1669508228236000,2022-11-27 00:17:08
22650000.0,0.00044132,0,1669508229465000,2022-11-27 00:17:09
22642000.0,0.00022524,1,1669508230703002,2022-11-27 00:17:10
22642000.0,0.00221292,1,1669508230703007,2022-11-27 00:17:10
22642000.0,0.04414363,1,1669508230703006,2022-11-27 00:17:10
22642000.0,0.00026801,1,1669508230703005,2022-11-27 00:17:10
22641000.0,0.00082842,1,1669508230703004,2022-11-27 00:17:10
22642000.0,0.00220828,1,1669508230703003,2022-11-27 00:17:10
22642000.0,0.0013245,1,1669508230703001,2022-11-27 00:17:10
22642000.0,0.10406706,1,1669508230703000,2022-11-27 00:17:10
22650000.0,0.355,0,1669508235091000,2022-11-27 00:17:15
22650000.0,0.04075,0,1669508237342000,2022-11-27 00:17:17
22650000.0,0.00088256,0,1669508240763000,2022-11-27 00:17:20
22642000.0,0.00088331,1,1669508244745001,2022-11-27 00:17:24
22642000.0,0.78665556,1,1669508244745000,2022-11-27 00:17:24
22642000.0,0.1569,0,1669508244852000,2022-11-27 00:17:24
22642000.0,0.00132497,1,1669508244745002,2022-11-27 00:17:24
22642000.0,0.0127,0,1669508246837000,2022-11-27 00:17:26
22642000.0,0.00220828,0,1669508248431000,2022-11-27 00:17:28
22641000.0,0.01604757,1,1669508249044000,2022-11-27 00:17:29
22641000.0,0.00742269,1,1669508249044001,2022-11-27 00:17:29
22642000.0,0.019,0,1669508252848000,2022-11-27 00:17:32
22642000.0,0.00243112,0,1669508252954001,2022-11-27 00:17:32
22642000.0,0.02033888,0,1669508252954000,2022-11-27 00:17:32
22642000.0,0.0224,0,1669508254079000,2022-11-27 00:17:34
22642000.0,4.759e-05,0,1669508255297000,2022-11-27 00:17:35
22650000.0,0.002,0,1669508256185000,2022-11-27 00:17:36
22650000.0,0.00150335,0,1669508258642000,2022-11-27 00:17:38
22650000.0,0.0287166,0,1669508259589002,2022-11-27 00:17:39
22650000.0,0.03722863,0,1669508259589001,2022-11-27 00:17:39
22650000.0,0.33505477,0,1669508259589000,2022-11-27 00:17:39
22642000.0,0.00216533,1,1669508260126001,2022-11-27 00:17:40
22642000.0,0.00022127,1,1669508260126000,2022-11-27 00:17:40
22642000.0,0.0094,0,1669508260336000,2022-11-27 00:17:40
22642000.0,4.062e-05,0,1669508262762000,2022-11-27 00:17:42
22650000.0,0.00107487,0,1669508263176000,2022-11-27 00:17:43
22650000.0,0.00590175,0,1669508263080000,2022-11-27 00:17:43
22649000.0,0.0183,0,1669508268275000,2022-11-27 00:17:48
22642000.0,0.01252256,1,1669508272793003,2022-11-27 00:17:52
22642000.0,0.01975533,1,1669508272793002,2022-11-27 00:17:52
22642000.0,0.0039901,1,1669508272793001,2022-11-27 00:17:52
22642000.0,0.00018025,1,1669508272793000,2022-11-27 00:17:52
22649000.0,0.00022119,0,1669508272453000,2022-11-27 00:17:52
22642000.0,0.00930148,0,1669508273602000,2022-11-27 00:17:53
22642000.0,0.1052,0,1669508274381000,2022-11-27 00:17:54
22641000.0,0.02916457,1,1669508275641000,2022-11-27 00:17:55
22641000.0,0.00584782,1,1669508275641001,2022-11-27 00:17:55
22642000.0,0.0585,0,1669508276392000,2022-11-27 00:17:56
22642000.0,0.01528485,0,1669508277201000,2022-11-27 00:17:57
22642000.0,0.00110414,0,1669508277155000,2022-11-27 00:17:57
22641000.0,0.0671404,1,1669508278878000,2022-11-27 00:17:58
22642000.0,0.00637342,0,1669508278512000,2022-11-27 00:17:58
22642000.0,0.0466,0,1669508278387000,2022-11-27 00:17:58
22641000.0,0.00044167,1,1669508280406003,2022-11-27 00:18:00
22640000.0,0.00880443,1,1669508280406004,2022-11-27 00:18:00
22640000.0,0.01100351,1,1669508280406005,2022-11-27 00:18:00
22641000.0,0.005,1,1669508280406006,2022-11-27 00:18:00
22641000.0,0.00044167,1,1669508280406007,2022-11-27 00:18:00
22641000.0,0.00044167,1,1669508280406008,2022-11-27 00:18:00
22641000.0,0.001,1,1669508280406009,2022-11-27 00:18:00
22641000.0,0.00441676,1,1669508280406010,2022-11-27 00:18:00
22641000.0,0.00441676,1,1669508280406011,2022-11-27 00:18:00
22642000.0,0.063,0,1669508280596000,2022-11-27 00:18:00
22641000.0,0.02013232,0,1669508282609000,2022-11-27 00:18:02
22641000.0,0.0678,0,1669508282389000,2022-11-27 00:18:02
22641000.0,0.00044165,0,1669508283848000,2022-11-27 00:18:03
22641000.0,0.0598,0,1669508284409000,2022-11-27 00:18:04
22641000.0,8.533e-05,0,1669508286278000,2022-11-27 00:18:06
22641000.0,0.01009807,0,1669508286278001,2022-11-27 00:18:06
22641000.0,0.01028565,0,1669508286313000,2022-11-27 00:18:06
22641000.0,0.02022915,0,1669508286400000,2022-11-27 00:18:06
22642000.0,0.00778982,0,1669508288769000,2022-11-27 00:18:08
22642000.0,0.00774228,0,1669508288614000,2022-11-27 00:18:08
22642000.0,0.0132,0,1669508288447000,2022-11-27 00:18:08
22642000.0,0.0109,0,1669508290074000,2022-11-27 00:18:10
22640000.0,0.00852264,1,1669508290692000,2022-11-27 00:18:10
22642000.0,0.0443,0,1669508290383000,2022-11-27 00:18:10
22642000.0,0.01715935,0,1669508291636000,2022-11-27 00:18:11
22642000.0,0.0106,0,1669508292398000,2022-11-27 00:18:12
22642000.0,0.09724175,0,1669508292531000,2022-11-27 00:18:12
22642000.0,0.00694,0,1669508292661000,2022-11-27 00:18:12
22642000.0,0.01074489,0,1669508292131000,2022-11-27 00:18:12
22642000.0,0.01061451,0,1669508292069000,2022-11-27 00:18:12
22642000.0,0.00201758,0,1669508293524000,2022-11-27 00:18:13
22642000.0,0.00853647,0,1669508293474000,2022-11-27 00:18:13
22649000.0,0.0054888,0,1669508293628000,2022-11-27 00:18:13
22642000.0,0.0062856,0,1669508293160000,2022-11-27 00:18:13
22649000.0,0.12133541,0,1669508293902000,2022-11-27 00:18:13
22649000.0,0.03592347,0,1669508293723000,2022-11-27 00:18:13
22649000.0,0.12133615,0,1669508294273000,2022-11-27 00:18:14
22649000.0,0.00551848,0,1669508295329000,2022-11-27 00:18:15
22649000.0,0.00165377,0,1669508299108000,2022-11-27 00:18:19
22641000.0,0.07571674,1,1669508300938000,2022-11-27 00:18:20
22641000.0,0.00070078,1,1669508300938001,2022-11-27 00:18:20
22641000.0,0.00065981,0,1669508307930000,2022-11-27 00:18:27
22640000.0,0.06163316,1,1669508307369000,2022-11-27 00:18:27
22641000.0,0.035,0,1669508308914000,2022-11-27 00:18:28
22641000.0,0.02520664,0,1669508308686000,2022-11-27 00:18:28
22640000.0,0.17652024,1,1669508308446000,2022-11-27 00:18:28
22640000.0,0.0640975,1,1669508311845000,2022-11-27 00:18:31
22641000.0,0.0119,0,1669508315400000,2022-11-27 00:18:35
22640000.0,0.01252234,1,1669508316515000,2022-11-27 00:18:36
22641000.0,0.01703207,0,1669508317384000,2022-11-27 00:18:37
22641000.0,0.01702089,0,1669508318934000,2022-11-27 00:18:38
22641000.0,0.01269523,0,1669508319244000,2022-11-27 00:18:39
22640000.0,0.09973496,1,1669508321423000,2022-11-27 00:18:41
22641000.0,0.00075064,0,1669508323104000,2022-11-27 00:18:43
22641000.0,0.02,0,1669508323037000,2022-11-27 00:18:43
22641000.0,0.00044167,0,1669508323668000,2022-11-27 00:18:43
22641000.0,0.0283,0,1669508325535000,2022-11-27 00:18:45
22641000.0,0.15458681,0,1669508328188000,2022-11-27 00:18:48
22641000.0,0.446,0,1669508328887000,2022-11-27 00:18:48
22641000.0,0.022,0,1669508328839000,2022-11-27 00:18:48
22640000.0,0.0005,1,1669508329865001,2022-11-27 00:18:49
22640000.0,0.00205681,1,1669508329865000,2022-11-27 00:18:49
22640000.0,0.00044169,1,1669508329865002,2022-11-27 00:18:49
22640000.0,0.00088339,1,1669508329865003,2022-11-27 00:18:49
22640000.0,0.02152498,1,1669508329865004,2022-11-27 00:18:49
22640000.0,0.08833922,1,1669508329865005,2022-11-27 00:18:49
22641000.0,0.0477,0,1669508335193000,2022-11-27 00:18:55
22641000.0,0.1095,0,1669508336254000,2022-11-27 00:18:56
22641000.0,0.03205183,0,1669508338451001,2022-11-27 00:18:58
22641000.0,0.01730609,0,1669508338451000,2022-11-27 00:18:58
22641000.0,0.0369,0,1669508338386000,2022-11-27 00:18:58
22641000.0,0.00857481,0,1669508339966000,2022-11-27 00:18:59
22641000.0,0.03218789,0,1669508341576000,2022-11-27 00:19:01
22641000.0,0.0156,0,1669508344835000,2022-11-27 00:19:04
22640000.0,0.01747363,1,1669508344973000,2022-11-27 00:19:04
22640000.0,0.00236015,1,1669508344973002,2022-11-27 00:19:04
22640000.0,0.0005,1,1669508344973003,2022-11-27 00:19:04
22640000.0,0.00303261,1,1669508344973001,2022-11-27 00:19:04
22641000.0,0.00504275,0,1669508346958000,2022-11-27 00:19:06
22641000.0,0.0121,0,1669508346851000,2022-11-27 00:19:06
22641000.0,0.00965508,0,1669508347106000,2022-11-27 00:19:07
22641000.0,0.0050244,0,1669508347039001,2022-11-27 00:19:07
22641000.0,0.00962393,0,1669508347039000,2022-11-27 00:19:07
22641000.0,0.5125,0,1669508350406000,2022-11-27 00:19:10
22641000.0,0.00220838,0,1669508351145000,2022-11-27 00:19:11
22641000.0,0.04416766,0,1669508352647000,2022-11-27 00:19:12
22641000.0,0.0179,0,1669508353634000,2022-11-27 00:19:13
22641000.0,0.00022088,0,1669508357792000,2022-11-27 00:19:17
22640000.0,0.00384053,1,1669508357230000,2022-11-27 00:19:17
22641000.0,0.00974401,0,1669508358943000,2022-11-27 00:19:18
22641000.0,0.0013245,0,1669508363090000,2022-11-27 00:19:23
22641000.0,0.06430726,0,1669508365717000,2022-11-27 00:19:25
22641000.0,0.0013245,0,1669508366909000,2022-11-27 00:19:26
22641000.0,0.08,0,1669508371471000,2022-11-27 00:19:31
22641000.0,0.00441455,0,1669508373801000,2022-11-27 00:19:33
22641000.0,0.05,0,1669508373750000,2022-11-27 00:19:33
22641000.0,0.00886751,0,1669508375764001,2022-11-27 00:19:35
22641000.0,0.02763249,0,1669508375764000,2022-11-27 00:19:35
22641000.0,0.00269829,0,1669508377393000,2022-11-27 00:19:37
22641000.0,0.0635,0,1669508377760000,2022-11-27 00:19:37
22641000.0,0.01,0,1669508379755000,2022-11-27 00:19:39
22641000.0,0.05,0,1669508379696000,2022-11-27 00:19:39
22641000.0,0.00044167,0,1669508380819000,2022-11-27 00:19:40
22641000.0,0.007,0,1669508380301000,2022-11-27 00:19:40
22641000.0,0.0762,0,1669508381768000,2022-11-27 00:19:41
22640000.0,0.02,1,1669508382315000,2022-11-27 00:19:42
22640000.0,0.02763725,1,1669508382315001,2022-11-27 00:19:42
22640000.0,0.00044169,1,1669508382315002,2022-11-27 00:19:42
22640000.0,0.02267364,1,1669508382315003,2022-11-27 00:19:42
22640000.0,0.00220848,1,1669508382315004,2022-11-27 00:19:42
22640000.0,0.0006,1,1669508382315005,2022-11-27 00:19:42
22640000.0,0.03135607,1,1669508382315006,2022-11-27 00:19:42
22640000.0,0.00044169,1,1669508382315007,2022-11-27 00:19:42
22640000.0,0.00668379,1,1669508382841000,2022-11-27 00:19:42
22640000.0,0.00704886,1,1669508383219000,2022-11-27 00:19:43
22641000.0,0.0215,0,1669508383762000,2022-11-27 00:19:43
22641000.0,0.00044157,0,1669508384810000,2022-11-27 00:19:44
22640000.0,0.03990558,1,1669508386959001,2022-11-27 00:19:46
22640000.0,0.05491128,1,1669508386959000,2022-11-27 00:19:46
22641000.0,0.00024535,0,1669508389257000,2022-11-27 00:19:49
22641000.0,0.0111,0,1669508390926000,2022-11-27 00:19:50
22640000.0,0.00068755,1,1669508392792000,2022-11-27 00:19:52
22641000.0,0.00061834,0,1669508392796000,2022-11-27 00:19:52
22640000.0,0.01297493,1,1669508392792001,2022-11-27 00:19:52
22641000.0,0.0502,0,1669508395153000,2022-11-27 00:19:55
22641000.0,0.00044167,0,1669508396101000,2022-11-27 00:19:56
22641000.0,0.0301353,0,1669508399003000,2022-11-27 00:19:59
22641000.0,0.02269501,0,1669508399406002,2022-11-27 00:19:59
22641000.0,0.00190717,0,1669508399406001,2022-11-27 00:19:59
22641000.0,0.0154711,0,1669508399406000,2022-11-27 00:19:59
22641000.0,0.00882911,0,1669508402974000,2022-11-27 00:20:02
22640000.0,0.00071723,1,1669508404454000,2022-11-27 00:20:04
22641000.0,0.06835602,0,1669508407630000,2022-11-27 00:20:07
22640000.0,0.00446894,1,1669508408190000,2022-11-27 00:20:08
22641000.0,0.0655,0,1669508412839000,2022-11-27 00:20:12
22640000.0,0.01327737,1,1669508413330002,2022-11-27 00:20:13
22640000.0,0.03022873,1,1669508413330001,2022-11-27 00:20:13
22640000.0,0.0039237,1,1669508413330000,2022-11-27 00:20:13
22641000.0,0.04416766,0,1669508414197000,2022-11-27 00:20:14
22640000.0,0.02215845,1,1669508414057000,2022-11-27 00:20:14
22640000.0,0.00032619,1,1669508418910000,2022-11-27 00:20:18
22640000.0,0.03253186,1,1669508419529000,2022-11-27 00:20:19
22640000.0,0.002,1,1669508419529001,2022-11-27 00:20:19
22640000.0,0.00916498,1,1669508419529002,2022-11-27 00:20:19
22640000.0,0.00220848,1,1669508419529003,2022-11-27 00:20:19
22640000.0,0.00034971,1,1669508422529000,2022-11-27 00:20:22
22641000.0,0.14642526,0,1669508424133000,2022-11-27 00:20:24
22640000.0,0.11042402,1,1669508424810001,2022-11-27 00:20:24
22640000.0,0.00410147,1,1669508424810000,2022-11-27 00:20:24
22641000.0,0.05898316,0,1669508426936001,2022-11-27 00:20:26
22640000.0,1.684e-05,0,1669508426936000,2022-11-27 00:20:26
22640000.0,0.0544,0,1669508426351000,2022-11-27 00:20:26
22639000.0,0.01325205,1,1669508428848001,2022-11-27 00:20:28
22639000.0,0.00022527,1,1669508428848002,2022-11-27 00:20:28
22639000.0,0.00044171,1,1669508428848000,2022-11-27 00:20:28
22639000.0,0.00022086,1,1669508428848003,2022-11-27 00:20:28
22639000.0,0.00895745,1,1669508428848005,2022-11-27 00:20:28
22640000.0,0.00343653,1,1669508428848004,2022-11-27 00:20:28
22639000.0,0.00441715,1,1669508428848006,2022-11-27 00:20:28
22640000.0,0.05512445,0,1669508429944000,2022-11-27 00:20:29
22640000.0,0.00044167,0,1669508429890000,2022-11-27 00:20:29
22639000.0,0.13013332,1,1669508429379003,2022-11-27 00:20:29
22639000.0,0.00044171,1,1669508429379002,2022-11-27 00:20:29
22639000.0,0.00220857,1,1669508429379001,2022-11-27 00:20:29
22639000.0,0.01312833,1,1669508429379000,2022-11-27 00:20:29
22639000.0,0.18543139,1,1669508432777000,2022-11-27 00:20:32
22639000.0,0.10845453,1,1669508432961000,2022-11-27 00:20:32
22640000.0,0.0006081,0,1669508434400000,2022-11-27 00:20:34
22640000.0,0.0218,0,1669508439602000,2022-11-27 00:20:39
22639000.0,0.032,1,1669508439467000,2022-11-27 00:20:39
22638000.0,0.01160325,1,1669508444050002,2022-11-27 00:20:44
22638000.0,0.00920606,1,1669508444050004,2022-11-27 00:20:44
22638000.0,0.01324543,1,1669508444050005,2022-11-27 00:20:44
22638000.0,0.01325205,1,1669508444050006,2022-11-27 00:20:44
22638000.0,0.00022087,1,1669508444050003,2022-11-27 00:20:44
22639000.0,0.00441715,1,1669508444050008,2022-11-27 00:20:44
22639000.0,0.00441715,1,1669508444050009,2022-11-27 00:20:44
22638000.0,0.00441657,1,1669508444050010,2022-11-27 00:20:44
22639000.0,0.00086058,1,1669508444050011,2022-11-27 00:20:44
22639000.0,0.00221321,1,1669508444050007,2022-11-27 00:20:44
22640000.0,0.00638667,0,1669508448026000,2022-11-27 00:20:48
22640000.0,0.0438,0,1669508449769000,2022-11-27 00:20:49
22640000.0,0.00044121,0,1669508450392000,2022-11-27 00:20:50
22640000.0,0.0158,0,1669508453589000,2022-11-27 00:20:53
22640000.0,0.00220737,0,1669508453503000,2022-11-27 00:20:53
22637000.0,0.00281651,1,1669508458694000,2022-11-27 00:20:58
22638000.0,0.00044173,1,1669508458694001,2022-11-27 00:20:58
22638000.0,0.00044173,1,1669508458694002,2022-11-27 00:20:58
22638000.0,0.00164218,1,1669508458694003,2022-11-27 00:20:58
22638000.0,0.00044173,1,1669508458694005,2022-11-27 00:20:58
22637000.0,0.00044173,1,1669508458694004,2022-11-27 00:20:58
22640000.0,0.0186,0,1669508460557000,2022-11-27 00:21:00
22638000.0,0.00044173,1,1669508463243002,2022-11-27 00:21:03
22637000.0,0.00218349,1,1669508463243001,2022-11-27 00:21:03
22637000.0,0.00711189,1,1669508463243000,2022-11-27 00:21:03
22637000.0,0.00357198,1,1669508463719000,2022-11-27 00:21:03
22638000.0,0.00487381,1,1669508469860000,2022-11-27 00:21:09
22638000.0,0.00321234,1,1669508475934000,2022-11-27 00:21:15
22638000.0,0.00471988,1,1669508479240000,2022-11-27 00:21:19
22640000.0,0.04417351,0,1669508484749000,2022-11-27 00:21:24
22639000.0,0.00055132,1,1669508486676000,2022-11-27 00:21:26
22639000.0,0.0083208,1,1669508486676001,2022-11-27 00:21:26
22639000.0,0.00112266,1,1669508488746000,2022-11-27 00:21:28
22639000.0,0.0347281,1,1669508491105001,2022-11-27 00:21:31
22638000.0,0.04301723,1,1669508491105000,2022-11-27 00:21:31
22638000.0,0.1399359,1,1669508492174000,2022-11-27 00:21:32
22640000.0,0.07,0,1669508499811000,2022-11-27 00:21:39
22639000.0,0.05118867,1,1669508502077000,2022-11-27 00:21:42
22639000.0,0.00216805,1,1669508502788000,2022-11-27 00:21:42
22640000.0,0.04416961,0,1669508502276000,2022-11-27 00:21:42
22639000.0,0.03122127,1,1669508503453000,2022-11-27 00:21:43
22639000.0,0.00220747,1,1669508504273001,2022-11-27 00:21:44
22639000.0,0.04874031,1,1669508504273000,2022-11-27 00:21:44
22639000.0,0.00331367,1,1669508504135000,2022-11-27 00:21:44
22638000.0,0.057,1,1669508507114000,2022-11-27 00:21:47
22638000.0,0.02199087,1,1669508510610000,2022-11-27 00:21:50
22639000.0,0.04,0,1669508512080000,2022-11-27 00:21:52
22638000.0,0.03,1,1669508512307000,2022-11-27 00:21:52
22639000.0,3.442e-05,0,1669508513552001,2022-11-27 00:21:53
22640000.0,0.03376558,0,1669508513552000,2022-11-27 00:21:53
22639000.0,0.0011036,1,1669508525447002,2022-11-27 00:22:05
22639000.0,0.0087777,1,1669508525447001,2022-11-27 00:22:05
22639000.0,0.00044171,1,1669508525447000,2022-11-27 00:22:05
22638000.0,0.00443485,1,1669508528619000,2022-11-27 00:22:08
22638000.0,0.0008852,1,1669508528476000,2022-11-27 00:22:08
22639000.0,0.02624246,0,1669508529320000,2022-11-27 00:22:09
22639000.0,0.00448064,0,1669508529130000,2022-11-27 00:22:09
22638000.0,0.04052265,1,1669508531335000,2022-11-27 00:22:11
22639000.0,0.0857,0,1669508534465000,2022-11-27 00:22:14
22639000.0,0.00509837,0,1669508539581000,2022-11-27 00:22:19
22639000.0,0.00608931,0,1669508539420000,2022-11-27 00:22:19
22638000.0,0.35748303,1,1669508541164000,2022-11-27 00:22:21
22638000.0,0.00182771,1,1669508541164001,2022-11-27 00:22:21
22638000.0,0.02888617,1,1669508541164002,2022-11-27 00:22:21
22638000.0,0.01,1,1669508541164003,2022-11-27 00:22:21
22638000.0,0.0131594,1,1669508541164004,2022-11-27 00:22:21
22638000.0,0.00044173,1,1669508541164005,2022-11-27 00:22:21
22638000.0,0.09764331,1,1669508541164006,2022-11-27 00:22:21
22638000.0,0.00088347,1,1669508541164007,2022-11-27 00:22:21
22638000.0,0.02166102,1,1669508541164008,2022-11-27 00:22:21
22638000.0,0.00441735,1,1669508541164009,2022-11-27 00:22:21
22638000.0,0.00022133,1,1669508546943000,2022-11-27 00:22:26
22638000.0,0.00220867,1,1669508550571000,2022-11-27 00:22:30
22638000.0,0.00027121,1,1669508550571001,2022-11-27 00:22:30
22638000.0,0.00621782,1,1669508550571002,2022-11-27 00:22:30
22638000.0,0.00044173,1,1669508550571003,2022-11-27 00:22:30
22638000.0,0.00585304,1,1669508550571004,2022-11-27 00:22:30
22638000.0,0.05113977,1,1669508550571005,2022-11-27 00:22:30
22637000.0,0.00022133,1,1669508550782000,2022-11-27 00:22:30
22638000.0,0.02361795,0,1669508551809000,2022-11-27 00:22:31
22637000.0,0.00019876,1,1669508553506001,2022-11-27 00:22:33
22637000.0,2.259e-05,1,1669508553506000,2022-11-27 00:22:33
22637000.0,0.00367236,1,1669508554352015,2022-11-27 00:22:34
22636000.0,0.00267682,1,1669508554352016,2022-11-27 00:22:34
22636000.0,0.05847933,1,1669508554352017,2022-11-27 00:22:34
22636000.0,0.00044177,1,1669508554352018,2022-11-27 00:22:34
22636000.0,0.00022093,1,1669508554352019,2022-11-27 00:22:34
22636000.0,0.00022089,1,1669508554352020,2022-11-27 00:22:34
22637000.0,0.00022529,1,1669508554352021,2022-11-27 00:22:34
22637000.0,0.00022529,1,1669508554352022,2022-11-27 00:22:34
22636000.0,0.031,0,1669508554544000,2022-11-27 00:22:34
22636000.0,0.01,0,1669508554763000,2022-11-27 00:22:34
22636000.0,0.02825683,0,1669508555975000,2022-11-27 00:22:35
22635000.0,0.03581804,1,1669508556114001,2022-11-27 00:22:36
22635000.0,0.04951713,1,1669508556114000,2022-11-27 00:22:36
22635000.0,0.00022137,1,1669508557153000,2022-11-27 00:22:37
22636000.0,0.00492,0,1669508562050000,2022-11-27 00:22:42
22636000.0,0.02543098,0,1669508563416000,2022-11-27 00:22:43
22636000.0,0.01323918,0,1669508563818000,2022-11-27 00:22:43
22636000.0,0.00791003,0,1669508564361000,2022-11-27 00:22:44
22635000.0,0.04676681,1,1669508565284000,2022-11-27 00:22:45
22636000.0,0.01,0,1669508566994000,2022-11-27 00:22:46
22635000.0,0.01252256,1,1669508567940000,2022-11-27 00:22:47
22635000.0,0.03823275,1,1669508569438003,2022-11-27 00:22:49
22635000.0,0.00044179,1,1669508569438002,2022-11-27 00:22:49
22635000.0,0.00088358,1,1669508569438001,2022-11-27 00:22:49
22635000.0,0.02344399,1,1669508569438000,2022-11-27 00:22:49
22635000.0,0.02615135,1,1669508572119000,2022-11-27 00:22:52
22635000.0,0.009,1,1669508576479027,2022-11-27 00:22:56
22635000.0,0.00044179,1,1669508576479028,2022-11-27 00:22:56
22634000.0,0.02584083,1,1669508576479029,2022-11-27 00:22:56
22634000.0,0.005,1,1669508576479030,2022-11-27 00:22:56
22635000.0,0.001,1,1669508576479033,2022-11-27 00:22:56
22634000.0,0.00044181,1,1669508576479032,2022-11-27 00:22:56
22634000.0,0.5009,0,1669508576691000,2022-11-27 00:22:56
22635000.0,0.00022094,1,1669508576479026,2022-11-27 00:22:56
22635000.0,0.00330523,1,1669508576479031,2022-11-27 00:22:56
22634000.0,0.04951884,1,1669508576479025,2022-11-27 00:22:56
22634000.0,2.793e-05,0,1669508577859000,2022-11-27 00:22:57
22636000.0,0.30905944,0,1669508577859001,2022-11-27 00:22:57
22635000.0,0.04415733,1,1669508583944000,2022-11-27 00:23:03
22635000.0,0.62212635,1,1669508583944001,2022-11-27 00:23:03
22636000.0,0.0132,0,1669508589227000,2022-11-27 00:23:09
22635000.0,0.04249046,1,1669508590716000,2022-11-27 00:23:10
22635000.0,0.17068169,1,1669508592787000,2022-11-27 00:23:12
22636000.0,0.0097,0,1669508592265000,2022-11-27 00:23:12
22635000.0,0.00088473,1,1669508593111000,2022-11-27 00:23:13
22636000.0,0.00088358,0,1669508593759000,2022-11-27 00:23:13
22635000.0,0.00088473,1,1669508594213000,2022-11-27 00:23:14
22635000.0,0.00540079,1,1669508594155000,2022-11-27 00:23:14
22636000.0,0.01044655,0,1669508594690000,2022-11-27 00:23:14
22636000.0,0.0207,0,1669508594861000,2022-11-27 00:23:14
22636000.0,0.01052906,0,1669508595062000,2022-11-27 00:23:15
22637000.0,0.00017417,0,1669508595062001,2022-11-27 00:23:15
22637000.0,0.005,0,1669508595123000,2022-11-27 00:23:15
22637000.0,0.0177,0,1669508596861000,2022-11-27 00:23:16
22639000.0,0.00263245,0,1669508597769005,2022-11-27 00:23:17
22637000.0,8.516e-05,0,1669508597769004,2022-11-27 00:23:17
22638000.0,0.03224533,0,1669508597769003,2022-11-27 00:23:17
22639000.0,0.0392934,0,1669508597769002,2022-11-27 00:23:17
22639000.0,0.0002213,0,1669508597769001,2022-11-27 00:23:17
22640000.0,0.10211723,0,1669508597769000,2022-11-27 00:23:17
22640000.0,0.0335,0,1669508599242000,2022-11-27 00:23:19
22640000.0,0.04219003,0,1669508599316000,2022-11-27 00:23:19
22640000.0,0.01558258,0,1669508599316001,2022-11-27 00:23:19
22640000.0,0.01563167,0,1669508599381000,2022-11-27 00:23:19
22640000.0,0.13958285,0,1669508600915000,2022-11-27 00:23:20
22640000.0,0.0296,0,1669508601216000,2022-11-27 00:23:21
22640000.0,0.01269901,0,1669508601076000,2022-11-27 00:23:21
22640000.0,0.01271257,0,1669508601529000,2022-11-27 00:23:21
22640000.0,0.08008484,0,1669508602554000,2022-11-27 00:23:22
22635000.0,0.00220896,1,1669508602612000,2022-11-27 00:23:22
22635000.0,0.00095948,1,1669508602612001,2022-11-27 00:23:22
22635000.0,0.04103125,1,1669508602612002,2022-11-27 00:23:22
22635000.0,0.02125779,1,1669508602612004,2022-11-27 00:23:22
22635000.0,0.05352518,0,1669508602687000,2022-11-27 00:23:22
22635000.0,0.064146,0,1669508602862000,2022-11-27 00:23:22
22635000.0,0.00219372,1,1669508602612003,2022-11-27 00:23:22
22635000.0,0.027,0,1669508603237000,2022-11-27 00:23:23
22640000.0,0.01174988,0,1669508603293001,2022-11-27 00:23:23
22635000.0,9.731e-05,0,1669508603293000,2022-11-27 00:23:23
22640000.0,0.00694247,0,1669508604245000,2022-11-27 00:23:24
22640000.0,0.0189,0,1669508605214000,2022-11-27 00:23:25
22640000.0,0.01434856,0,1669508605584000,2022-11-27 00:23:25
22640000.0,0.02293067,0,1669508606021000,2022-11-27 00:23:26
22640000.0,0.2513,0,1669508607234000,2022-11-27 00:23:27
22640000.0,0.05417358,0,1669508608888000,2022-11-27 00:23:28
22640000.0,0.0182401,0,1669508608839000,2022-11-27 00:23:28
22640000.0,0.02144276,0,1669508608888001,2022-11-27 00:23:28
22640000.0,0.24589339,0,1669508609238000,2022-11-27 00:23:29
22640000.0,0.01540686,0,1669508609238002,2022-11-27 00:23:29
22640000.0,0.25119975,0,1669508609238001,2022-11-27 00:23:29
22640000.0,0.00652,0,1669508609154000,2022-11-27 00:23:29
22640000.0,0.02515693,0,1669508610379000,2022-11-27 00:23:30
22640000.0,0.09281234,0,1669508610192000,2022-11-27 00:23:30
22640000.0,0.00224507,0,1669508611969000,2022-11-27 00:23:31
22640000.0,0.05358437,0,1669508611916000,2022-11-27 00:23:31
22640000.0,0.02000577,0,1669508612208001,2022-11-27 00:23:32
22640000.0,0.00925663,0,1669508612208000,2022-11-27 00:23:32
22640000.0,0.01946043,0,1669508612126000,2022-11-27 00:23:32
22640000.0,0.0101,0,1669508612330000,2022-11-27 00:23:32
22640000.0,0.01065348,0,1669508613944000,2022-11-27 00:23:33
22640000.0,0.06052504,0,1669508614766001,2022-11-27 00:23:34
22640000.0,0.05397496,0,1669508614766000,2022-11-27 00:23:34
22640000.0,0.00680275,0,1669508614124000,2022-11-27 00:23:34
22640000.0,0.00676174,0,1669508614059000,2022-11-27 00:23:34
22640000.0,0.00865534,0,1669508615715000,2022-11-27 00:23:35
22640000.0,0.005322,0,1669508615653000,2022-11-27 00:23:35
22640000.0,0.015528,0,1669508616808000,2022-11-27 00:23:36
22640000.0,0.0464,0,1669508616749000,2022-11-27 00:23:36
22640000.0,0.15675282,0,1669508617285000,2022-11-27 00:23:37
22640000.0,0.00451734,0,1669508617248000,2022-11-27 00:23:37
22634000.0,0.00733204,1,1669508617695002,2022-11-27 00:23:37
22634000.0,0.02166796,1,1669508617695001,2022-11-27 00:23:37
22634000.0,0.02,1,1669508617695000,2022-11-27 00:23:37
22640000.0,0.01079658,0,1669508617285001,2022-11-27 00:23:37
22640000.0,0.021,0,1669508618744000,2022-11-27 00:23:38
22640000.0,0.00567078,0,1669508618887000,2022-11-27 00:23:38
22640000.0,0.00699853,0,1669508618819000,2022-11-27 00:23:38
22640000.0,0.01157837,0,1669508619790000,2022-11-27 00:23:39
22634000.0,0.24781778,1,1669508619687000,2022-11-27 00:23:39
22640000.0,0.00647844,0,1669508620125000,2022-11-27 00:23:40
22640000.0,0.027,0,1669508620783000,2022-11-27 00:23:40
22640000.0,0.00986644,0,1669508620303000,2022-11-27 00:23:40
22640000.0,0.00618375,0,1669508621225000,2022-11-27 00:23:41
22640000.0,0.00806048,0,1669508621337000,2022-11-27 00:23:41
22640000.0,0.01725591,0,1669508622763001,2022-11-27 00:23:42
22640000.0,0.01977766,0,1669508622414000,2022-11-27 00:23:42
22640000.0,0.00022129,0,1669508622763002,2022-11-27 00:23:42
22641000.0,0.0055228,0,1669508622763000,2022-11-27 00:23:42
22641000.0,0.00937266,0,1669508623433000,2022-11-27 00:23:43
22641000.0,0.028,0,1669508624769000,2022-11-27 00:23:44
22641000.0,0.00788514,0,1669508625343000,2022-11-27 00:23:45
22641000.0,0.01242924,0,1669508625215000,2022-11-27 00:23:45
22641000.0,0.0134,0,1669508626764000,2022-11-27 00:23:46
22642000.0,0.00761658,0,1669508628785002,2022-11-27 00:23:48
22641000.0,0.00730872,0,1669508628785001,2022-11-27 00:23:48
22642000.0,0.00015342,0,1669508628785003,2022-11-27 00:23:48
22641000.0,0.00022128,0,1669508628785000,2022-11-27 00:23:48
22649000.0,0.00497294,0,1669508629087001,2022-11-27 00:23:49
22647000.0,0.00022123,0,1669508629087002,2022-11-27 00:23:49
22640000.0,0.00829765,1,1669508629238000,2022-11-27 00:23:49
22642000.0,6.786e-05,0,1669508629087000,2022-11-27 00:23:49
22640000.0,0.0247,0,1669508630778000,2022-11-27 00:23:50
22640000.0,0.00721486,1,1669508630305000,2022-11-27 00:23:50
22640000.0,0.02958418,0,1669508631154000,2022-11-27 00:23:51
22636000.0,0.0765,0,1669508632774000,2022-11-27 00:23:52
22636000.0,0.00088354,1,1669508632445000,2022-11-27 00:23:52
22640000.0,0.0113073,0,1669508632320000,2022-11-27 00:23:52
22636000.0,7.184e-05,0,1669508633424000,2022-11-27 00:23:53
22640000.0,0.00036986,0,1669508633424001,2022-11-27 00:23:53
22640000.0,0.01780854,0,1669508633804000,2022-11-27 00:23:53
22649000.0,0.02711946,0,1669508633804001,2022-11-27 00:23:53
22649000.0,0.00938026,0,1669508634073000,2022-11-27 00:23:54
22649000.0,0.00980416,0,1669508634324000,2022-11-27 00:23:54
22649000.0,0.026826,0,1669508635428000,2022-11-27 00:23:55
22635000.0,0.00512648,1,1669508636783000,2022-11-27 00:23:56
22649000.0,0.00476682,0,1669508637351000,2022-11-27 00:23:57
22649000.0,0.00547796,0,1669508638077000,2022-11-27 00:23:58
22649000.0,0.030309,0,1669508638636000,2022-11-27 00:23:58
22649000.0,0.0102,0,1669508639075000,2022-11-27 00:23:59
22649000.0,0.03030351,0,1669508640181000,2022-11-27 00:24:00
22649000.0,0.52999355,0,1669508640108000,2022-11-27 00:24:00
22649000.0,0.0908577,0,1669508644904000,2022-11-27 00:24:04
22649000.0,0.0104147,0,1669508645641000,2022-11-27 00:24:05
22649000.0,0.09650351,0,1669508646878000,2022-11-27 00:24:06
22649000.0,0.01916771,0,1669508646763000,2022-11-27 00:24:06
22649000.0,0.295679,0,1669508647782000,2022-11-27 00:24:07
22649000.0,0.00788768,0,1669508647529000,2022-11-27 00:24:07
22649000.0,0.0121,0,1669508648796000,2022-11-27 00:24:08
22637000.0,0.00022135,1,1669508649147000,2022-11-27 00:24:09
22649000.0,0.012,0,1669508650798000,2022-11-27 00:24:10
22637000.0,0.00022136,1,1669508650624000,2022-11-27 00:24:10
22649000.0,0.00634138,0,1669508652095000,2022-11-27 00:24:12
22649000.0,0.0439,0,1669508652806000,2022-11-27 00:24:12
22649000.0,0.00557859,0,1669508654144000,2022-11-27 00:24:14
22649000.0,0.0199,0,1669508657868000,2022-11-27 00:24:17
22649000.0,0.0259,0,1669508660085000,2022-11-27 00:24:20
22649000.0,0.00870281,0,1669508660145000,2022-11-27 00:24:20
22649000.0,0.16362541,0,1669508661764000,2022-11-27 00:24:21
22649000.0,0.00876993,0,1669508661705000,2022-11-27 00:24:21
22649000.0,0.0465,0,1669508662933000,2022-11-27 00:24:22
22649000.0,0.0121,0,1669508664948000,2022-11-27 00:24:24
22649000.0,0.02207602,0,1669508664348000,2022-11-27 00:24:24
22649000.0,0.0121,0,1669508666948000,2022-11-27 00:24:26
22649000.0,0.00441299,0,1669508666732000,2022-11-27 00:24:26
22649000.0,0.1142,0,1669508668935000,2022-11-27 00:24:28
22649000.0,0.01643252,0,1669508669087000,2022-11-27 00:24:29
22649000.0,0.00714312,0,1669508671371000,2022-11-27 00:24:31
22638000.0,0.00022135,1,1669508671764000,2022-11-27 00:24:31
22649000.0,0.04415205,0,1669508671190000,2022-11-27 00:24:31
22638000.0,0.08375824,1,1669508671147000,2022-11-27 00:24:31
22648000.0,0.00834761,0,1669508672762001,2022-11-27 00:24:32
22649000.0,0.12895239,0,1669508672762000,2022-11-27 00:24:32
22648000.0,0.00705925,0,1669508672396000,2022-11-27 00:24:32
22649000.0,0.01214027,0,1669508673603000,2022-11-27 00:24:33
22649000.0,0.1214,0,1669508674783000,2022-11-27 00:24:34
22649000.0,0.0059834,0,1669508675238000,2022-11-27 00:24:35
22649000.0,0.00507581,0,1669508677282000,2022-11-27 00:24:37
22649000.0,0.01357882,0,1669508679222000,2022-11-27 00:24:39
22649000.0,0.0149,0,1669508679742000,2022-11-27 00:24:39
22649000.0,0.0096,0,1669508681747000,2022-11-27 00:24:41
22649000.0,0.0002203,0,1669508683921001,2022-11-27 00:24:43
22648000.0,0.00022122,0,1669508683921000,2022-11-27 00:24:43
22638000.0,0.04011864,1,1669508683302002,2022-11-27 00:24:43
22639000.0,0.00105724,1,1669508683302001,2022-11-27 00:24:43
22638000.0,0.00044173,1,1669508683302000,2022-11-27 00:24:43
22639000.0,0.01434033,1,1669508683253000,2022-11-27 00:24:43
22649000.0,0.145,0,1669508684087000,2022-11-27 00:24:44
22649000.0,0.03087554,0,1669508686569000,2022-11-27 00:24:46
22649000.0,0.0148,0,1669508686382000,2022-11-27 00:24:46
22649000.0,0.02107878,0,1669508691680001,2022-11-27 00:24:51
22648000.0,0.00022122,0,1669508691680000,2022-11-27 00:24:51
22647000.0,0.0124,0,1669508693681000,2022-11-27 00:24:53
22647000.0,0.00044152,0,1669508694284000,2022-11-27 00:24:54
22647000.0,0.00044152,0,1669508695969000,2022-11-27 00:24:55
22649000.0,0.01836425,0,1669508696682002,2022-11-27 00:24:56
22648000.0,0.00022122,0,1669508696682001,2022-11-27 00:24:56
22647000.0,0.00211453,0,1669508696682000,2022-11-27 00:24:56
22638000.0,0.00356612,1,1669508698926000,2022-11-27 00:24:58
22647000.0,0.0176,0,1669508698666000,2022-11-27 00:24:58
22638000.0,0.00743388,1,1669508699563002,2022-11-27 00:24:59
22638000.0,0.02247893,1,1669508699563001,2022-11-27 00:24:59
22638000.0,0.00044173,1,1669508699563000,2022-11-27 00:24:59
22647000.0,0.0138,0,1669508701099000,2022-11-27 00:25:01
22647000.0,0.0121,0,1669508703093000,2022-11-27 00:25:03
22648000.0,0.00022122,0,1669508705096002,2022-11-27 00:25:05
22649000.0,0.01568719,0,1669508705096001,2022-11-27 00:25:05
22647000.0,9.159e-05,0,1669508705096000,2022-11-27 00:25:05
22638000.0,0.03016207,1,1669508706721004,2022-11-27 00:25:06
22638000.0,0.00618429,1,1669508706721003,2022-11-27 00:25:06
22638000.0,0.86052107,1,1669508706721002,2022-11-27 00:25:06
22638000.0,0.00657591,1,1669508706721001,2022-11-27 00:25:06
22638000.0,0.01538832,1,1669508706721000,2022-11-27 00:25:06
22638000.0,0.2202,0,1669508707090000,2022-11-27 00:25:07
22638000.0,4.338e-05,0,1669508708058000,2022-11-27 00:25:08
22647000.0,0.04641698,0,1669508709316000,2022-11-27 00:25:09
22647000.0,0.0089,0,1669508709130000,2022-11-27 00:25:09
22639000.0,0.37757782,1,1669508710302000,2022-11-27 00:25:10
22638000.0,0.1084,0,1669508711116000,2022-11-27 00:25:11
22638000.0,0.0278,0,1669508713144000,2022-11-27 00:25:13
22638000.0,0.00040454,0,1669508714739000,2022-11-27 00:25:14
22638000.0,0.006,0,1669508714687000,2022-11-27 00:25:14
22638000.0,0.0151,0,1669508715103000,2022-11-27 00:25:15
22638000.0,0.00050781,0,1669508717388000,2022-11-27 00:25:17
22638000.0,0.012,0,1669508717116000,2022-11-27 00:25:17
22637000.0,0.00556714,1,1669508718067000,2022-11-27 00:25:18
22638000.0,0.01024825,0,1669508718743000,2022-11-27 00:25:18
22638000.0,0.00441735,0,1669508718335000,2022-11-27 00:25:18
22638000.0,0.093,0,1669508719124000,2022-11-27 00:25:19
22638000.0,0.02208676,0,1669508719848000,2022-11-27 00:25:19
22638000.0,0.03,0,1669508719577000,2022-11-27 00:25:19
22637000.0,0.04307911,1,1669508721641000,2022-11-27 00:25:21
22638000.0,0.14676375,0,1669508721115001,2022-11-27 00:25:21
22638000.0,0.36563625,0,1669508721115000,2022-11-27 00:25:21
22638000.0,0.00514401,0,1669508723886000,2022-11-27 00:25:23
22638000.0,0.01277312,0,1669508723764000,2022-11-27 00:25:23
22638000.0,0.0614,0,1669508723102000,2022-11-27 00:25:23
22638000.0,0.028,0,1669508724055000,2022-11-27 00:25:24
22638000.0,0.01799999,0,1669508724497000,2022-11-27 00:25:24
22638000.0,0.0865,0,1669508725133000,2022-11-27 00:25:25
22638000.0,0.00044173,0,1669508726415000,2022-11-27 00:25:26
