trade_price,trade_volume,ask_bid,sequential_id,timestamp
22605000.0,0.00656902,1,1669368641064011,2022-11-25 09:30:41
22604000.0,0.21202489,1,1669368641064010,2022-11-25 09:30:41
22605000.0,0.001,1,1669368641064009,2022-11-25 09:30:41
22605000.0,0.01065443,1,1669368641064008,2022-11-25 09:30:41
22607000.0,0.06845707,1,1669368641064007,2022-11-25 09:30:41
22607000.0,0.00884681,1,1669368641064006,2022-11-25 09:30:41
22607000.0,0.02196625,1,1669368641064005,2022-11-25 09:30:41
22605000.0,0.00048,1,1669368641064004,2022-11-25 09:30:41
22606000.0,0.001,1,1669368641064003,2022-11-25 09:30:41
22607000.0,0.0035357,1,1669368641064002,2022-11-25 09:30:41
22618000.0,0.01175289,0,1669368644770000,2022-11-25 09:30:44
22603000.0,0.0004421,1,1669368646485001,2022-11-25 09:30:46
22603000.0,0.01452046,1,1669368646485002,2022-11-25 09:30:46
22604000.0,0.00163266,1,1669368646485003,2022-11-25 09:30:46
22604000.0,0.03310432,1,1669368646485004,2022-11-25 09:30:46
22603000.0,0.0147145,1,1669368646485005,2022-11-25 09:30:46
22604000.0,0.00084871,1,1669368646485009,2022-11-25 09:30:46
22603000.0,0.00044241,1,1669368646485007,2022-11-25 09:30:46
22604000.0,0.001,1,1669368646485008,2022-11-25 09:30:46
22604000.0,0.00044239,1,1669368646485010,2022-11-25 09:30:46
22604000.0,0.00148364,1,1669368646485006,2022-11-25 09:30:46
22605000.0,0.0102,0,1669368649927000,2022-11-25 09:30:49
22602000.0,0.09854482,1,1669368650259002,2022-11-25 09:30:50
22602000.0,0.01327316,1,1669368650259001,2022-11-25 09:30:50
22603000.0,0.02972145,1,1669368650259000,2022-11-25 09:30:50
22602000.0,0.02215049,1,1669368651178000,2022-11-25 09:30:51
22605000.0,7.523e-05,0,1669368659346000,2022-11-25 09:30:59
22605000.0,0.0155798,1,1669368660745002,2022-11-25 09:31:00
22602000.0,0.05619173,1,1669368660745001,2022-11-25 09:31:00
22602000.0,0.03883816,1,1669368660745000,2022-11-25 09:31:00
22602000.0,0.01823989,1,1669368672169003,2022-11-25 09:31:12
22603000.0,0.00221488,1,1669368672169002,2022-11-25 09:31:12
22603000.0,0.02996723,1,1669368672169001,2022-11-25 09:31:12
22605000.0,0.04421589,1,1669368672169000,2022-11-25 09:31:12
22602000.0,0.00240687,1,1669368675395000,2022-11-25 09:31:15
22602000.0,0.0281792,1,1669368678924000,2022-11-25 09:31:18
22603000.0,0.00884878,1,1669368680961000,2022-11-25 09:31:20
22603000.0,0.02145034,1,1669368682036000,2022-11-25 09:31:22
22615000.0,0.01767857,0,1669368682467000,2022-11-25 09:31:22
22615000.0,8.81e-06,0,1669368689310000,2022-11-25 09:31:29
22616000.0,0.03217269,0,1669368689310002,2022-11-25 09:31:29
22615000.0,0.00048,0,1669368689310001,2022-11-25 09:31:29
22604000.0,0.07179069,1,1669368698657002,2022-11-25 09:31:38
22604000.0,0.001,1,1669368698657001,2022-11-25 09:31:38
22604000.0,0.00829363,1,1669368698657000,2022-11-25 09:31:38
22616000.0,0.06526258,0,1669368700251001,2022-11-25 09:31:40
22616000.0,0.06732058,0,1669368700251000,2022-11-25 09:31:40
22616000.0,0.01622055,0,1669368701742000,2022-11-25 09:31:41
22616000.0,0.06260642,0,1669368702261001,2022-11-25 09:31:42
22616000.0,0.09048794,0,1669368702261002,2022-11-25 09:31:42
22616000.0,0.06776708,0,1669368702261000,2022-11-25 09:31:42
22603000.0,0.02080649,1,1669368703123001,2022-11-25 09:31:43
22604000.0,0.06086285,1,1669368703123000,2022-11-25 09:31:43
22616000.0,0.0124,0,1669368704085000,2022-11-25 09:31:44
22615000.0,0.30327177,0,1669368705749000,2022-11-25 09:31:45
22615000.0,0.1211883,0,1669368706197000,2022-11-25 09:31:46
22615000.0,0.10321839,0,1669368707063000,2022-11-25 09:31:47
22615000.0,0.06629451,0,1669368707913000,2022-11-25 09:31:47
22615000.0,0.01345442,0,1669368709141000,2022-11-25 09:31:49
22608000.0,0.00148466,1,1669368712790000,2022-11-25 09:31:52
22615000.0,0.00884368,0,1669368712358000,2022-11-25 09:31:52
22615000.0,0.11149966,0,1669368714706001,2022-11-25 09:31:54
22608000.0,0.00860227,0,1669368714706000,2022-11-25 09:31:54
22603000.0,0.01322685,1,1669368715774000,2022-11-25 09:31:55
22603000.0,0.01331015,1,1669368717303000,2022-11-25 09:31:57
22615000.0,0.04722449,0,1669368718275000,2022-11-25 09:31:58
22603000.0,0.00012631,1,1669368718318000,2022-11-25 09:31:58
22603000.0,0.10605733,1,1669368718318001,2022-11-25 09:31:58
22603000.0,0.08096438,0,1669368719163000,2022-11-25 09:31:59
22603000.0,0.00614266,0,1669368722181000,2022-11-25 09:32:02
22603000.0,0.01775526,0,1669368724989000,2022-11-25 09:32:04
22603000.0,0.04731833,0,1669368724670000,2022-11-25 09:32:04
22603000.0,0.00899,0,1669368725877000,2022-11-25 09:32:05
22603000.0,9.63e-06,0,1669368727271000,2022-11-25 09:32:07
22603000.0,0.05969071,1,1669368728548000,2022-11-25 09:32:08
22603000.0,0.07360519,1,1669368730841000,2022-11-25 09:32:10
22603000.0,0.00586929,1,1669368731832000,2022-11-25 09:32:11
22603000.0,0.11275649,1,1669368734042000,2022-11-25 09:32:14
22615000.0,0.06902897,0,1669368734626000,2022-11-25 09:32:14
22615000.0,0.0035357,0,1669368737999000,2022-11-25 09:32:17
22615000.0,0.01582,0,1669368741645000,2022-11-25 09:32:21
22615000.0,0.14430177,1,1669368742973000,2022-11-25 09:32:22
22615000.0,0.31522011,0,1669368742507002,2022-11-25 09:32:22
22615000.0,0.06173898,0,1669368742507001,2022-11-25 09:32:22
22615000.0,0.02351077,0,1669368742507000,2022-11-25 09:32:22
22616000.0,0.00531483,0,1669368743489000,2022-11-25 09:32:23
22616000.0,0.00672,0,1669368745044000,2022-11-25 09:32:25
22616000.0,0.00792738,0,1669368746825001,2022-11-25 09:32:26
22616000.0,0.00413251,0,1669368746825000,2022-11-25 09:32:26
22616000.0,0.02746343,0,1669368748068000,2022-11-25 09:32:28
22617000.0,0.0103,0,1669368748333000,2022-11-25 09:32:28
22617000.0,0.03166618,0,1669368749090000,2022-11-25 09:32:29
22616000.0,0.01,1,1669368749968000,2022-11-25 09:32:29
22617000.0,0.00910188,0,1669368750249000,2022-11-25 09:32:30
22617000.0,0.00731976,0,1669368750308000,2022-11-25 09:32:30
22616000.0,0.01451884,1,1669368751168001,2022-11-25 09:32:31
22615000.0,0.00860604,1,1669368751168000,2022-11-25 09:32:31
22617000.0,0.10714943,0,1669368752059001,2022-11-25 09:32:32
22617000.0,0.006,0,1669368752059000,2022-11-25 09:32:32
22617000.0,0.00053017,1,1669368752696000,2022-11-25 09:32:32
22620000.0,0.0005305,0,1669368754580000,2022-11-25 09:32:34
22617000.0,0.31207482,1,1669368754489000,2022-11-25 09:32:34
22620000.0,0.01804001,0,1669368758700000,2022-11-25 09:32:38
22620000.0,0.06188934,0,1669368760657000,2022-11-25 09:32:40
22620000.0,0.0057624,0,1669368761911001,2022-11-25 09:32:41
22620000.0,0.01954015,0,1669368761911000,2022-11-25 09:32:41
22619000.0,0.00097834,1,1669368765889001,2022-11-25 09:32:45
22618000.0,0.00442164,1,1669368765889000,2022-11-25 09:32:45
22617000.0,0.25407102,1,1669368768659000,2022-11-25 09:32:48
22619000.0,0.06056464,1,1669368770620000,2022-11-25 09:32:50
22618000.0,0.00786438,0,1669368770335000,2022-11-25 09:32:50
22619000.0,0.001,1,1669368774266000,2022-11-25 09:32:54
22619000.0,0.01430956,1,1669368775116001,2022-11-25 09:32:55
22619000.0,0.03110708,1,1669368775116000,2022-11-25 09:32:55
22620000.0,0.11561595,0,1669368779226002,2022-11-25 09:32:59
22620000.0,0.11282482,0,1669368779226001,2022-11-25 09:32:59
22619000.0,0.00466053,0,1669368779226000,2022-11-25 09:32:59
22619000.0,0.00221054,1,1669368782698000,2022-11-25 09:33:02
22620000.0,0.00022108,0,1669368784882000,2022-11-25 09:33:04
22620000.0,0.07179335,0,1669368785529000,2022-11-25 09:33:05
22625000.0,0.02988353,0,1669368785700000,2022-11-25 09:33:05
22631000.0,0.16121817,0,1669368785700002,2022-11-25 09:33:05
22627000.0,0.44347182,0,1669368785700001,2022-11-25 09:33:05
22620000.0,0.00442731,1,1669368786521000,2022-11-25 09:33:06
22620000.0,0.01935295,1,1669368789080000,2022-11-25 09:33:09
22620000.0,0.00863246,0,1669368796285000,2022-11-25 09:33:16
22620000.0,0.48722482,0,1669368797254000,2022-11-25 09:33:17
22615000.0,0.07957568,0,1669368797543000,2022-11-25 09:33:17
22615000.0,0.00044218,1,1669368797302002,2022-11-25 09:33:17
22615000.0,0.79577074,1,1669368797302001,2022-11-25 09:33:17
22619000.0,0.15227219,1,1669368797302000,2022-11-25 09:33:17
22615000.0,0.11552004,0,1669368798513000,2022-11-25 09:33:18
22615000.0,0.04419634,0,1669368804424000,2022-11-25 09:33:24
22615000.0,0.0061212,0,1669368808390000,2022-11-25 09:33:28
22615000.0,0.22109219,0,1669368810110000,2022-11-25 09:33:30
22615000.0,0.00883926,0,1669368815569000,2022-11-25 09:33:35
22604000.0,0.0022377,1,1669368817204003,2022-11-25 09:33:37
22608000.0,0.00097881,1,1669368817204002,2022-11-25 09:33:37
22609000.0,0.005,1,1669368817204001,2022-11-25 09:33:37
22613000.0,0.0009786,1,1669368817204000,2022-11-25 09:33:37
22615000.0,0.00132655,0,1669368818643000,2022-11-25 09:33:38
22615000.0,0.00621515,0,1669368819970000,2022-11-25 09:33:39
22615000.0,0.18580804,0,1669368820923000,2022-11-25 09:33:40
22615000.0,0.00857371,0,1669368820732001,2022-11-25 09:33:40
22614000.0,0.0015,0,1669368820732000,2022-11-25 09:33:40
22615000.0,0.0283441,0,1669368821054000,2022-11-25 09:33:41
22603000.0,0.02215697,1,1669368823910000,2022-11-25 09:33:43
22615000.0,0.01028378,0,1669368824320000,2022-11-25 09:33:44
22615000.0,0.03561885,0,1669368824349000,2022-11-25 09:33:44
22615000.0,0.01221561,0,1669368824349001,2022-11-25 09:33:44
22615000.0,0.05978737,0,1669368824349002,2022-11-25 09:33:44
22615000.0,0.3,0,1669368824031000,2022-11-25 09:33:44
22620000.0,0.04714352,0,1669368826642000,2022-11-25 09:33:46
22620000.0,0.09259512,0,1669368828092000,2022-11-25 09:33:48
22615000.0,0.01065443,1,1669368829128000,2022-11-25 09:33:49
22605000.0,0.07621711,1,1669368829406001,2022-11-25 09:33:49
22615000.0,0.00415958,1,1669368829406000,2022-11-25 09:33:49
22620000.0,0.02365406,0,1669368832430000,2022-11-25 09:33:52
22605000.0,0.0964822,0,1669368834946000,2022-11-25 09:33:54
22604000.0,0.27208131,1,1669368834300001,2022-11-25 09:33:54
22605000.0,0.001,1,1669368834300000,2022-11-25 09:33:54
22620000.0,0.001,0,1669368837128000,2022-11-25 09:33:57
22620000.0,0.0265298,0,1669368843985000,2022-11-25 09:34:03
22605000.0,0.02009417,1,1669368843168000,2022-11-25 09:34:03
22615000.0,0.00417788,0,1669368843985001,2022-11-25 09:34:03
22619000.0,0.00044208,0,1669368845881000,2022-11-25 09:34:05
22619000.0,0.20298007,0,1669368846605000,2022-11-25 09:34:06
22619000.0,0.00045514,0,1669368850578000,2022-11-25 09:34:10
22619000.0,0.13893618,0,1669368857253000,2022-11-25 09:34:17
22619000.0,0.00641547,0,1669368858014000,2022-11-25 09:34:18
22619000.0,0.04421061,0,1669368858814000,2022-11-25 09:34:18
22619000.0,0.02580709,0,1669368859214000,2022-11-25 09:34:19
22619000.0,0.04418811,0,1669368867247000,2022-11-25 09:34:27
22619000.0,0.01367846,0,1669368868863000,2022-11-25 09:34:28
22619000.0,0.02639941,0,1669368868639000,2022-11-25 09:34:28
22619000.0,0.01554388,0,1669368869121000,2022-11-25 09:34:29
22619000.0,0.01072037,0,1669368870618000,2022-11-25 09:34:30
22619000.0,0.20136057,0,1669368870618001,2022-11-25 09:34:30
22606000.0,0.01690451,1,1669368870204000,2022-11-25 09:34:30
22616000.0,0.00442164,1,1669368870204001,2022-11-25 09:34:30
22619000.0,0.00022313,0,1669368870177000,2022-11-25 09:34:30
22619000.0,0.00169728,0,1669368871027000,2022-11-25 09:34:31
22619000.0,0.13385384,0,1669368874070000,2022-11-25 09:34:34
22606000.0,0.01079315,1,1669368875831001,2022-11-25 09:34:35
22619000.0,0.04420685,1,1669368875831000,2022-11-25 09:34:35
22620000.0,0.01331839,0,1669368875561000,2022-11-25 09:34:35
22619000.0,0.00044211,0,1669368875360001,2022-11-25 09:34:35
22619000.0,0.1120234,0,1669368875360000,2022-11-25 09:34:35
22620000.0,0.04412,0,1669368878845000,2022-11-25 09:34:38
22620000.0,0.24218954,0,1669368880201000,2022-11-25 09:34:40
22620000.0,0.01383639,0,1669368881622000,2022-11-25 09:34:41
22606000.0,0.00187354,1,1669368881952000,2022-11-25 09:34:41
22620000.0,0.00990826,0,1669368883759000,2022-11-25 09:34:43
22620000.0,0.02884254,0,1669368883395000,2022-11-25 09:34:43
22620000.0,0.00976635,0,1669368885071000,2022-11-25 09:34:45
22620000.0,0.02320688,0,1669368885021000,2022-11-25 09:34:45
22620000.0,0.0207809,0,1669368888847000,2022-11-25 09:34:48
22607000.0,0.04432624,1,1669368890935000,2022-11-25 09:34:50
22620000.0,0.17667596,0,1669368891060000,2022-11-25 09:34:51
22619000.0,0.04471887,0,1669368898189000,2022-11-25 09:34:58
22619000.0,0.00044183,0,1669368900652001,2022-11-25 09:35:00
22619000.0,0.09043179,0,1669368900652000,2022-11-25 09:35:00
22619000.0,0.02122742,0,1669368900102000,2022-11-25 09:35:00
22620000.0,0.00400499,0,1669368903543000,2022-11-25 09:35:03
22620000.0,0.02464903,0,1669368905980000,2022-11-25 09:35:05
22620000.0,0.10385247,0,1669368906135000,2022-11-25 09:35:06
22619000.0,0.03035902,1,1669368906753000,2022-11-25 09:35:06
22620000.0,0.0011175,0,1669368908037000,2022-11-25 09:35:08
22620000.0,0.001,0,1669368909335000,2022-11-25 09:35:09
22620000.0,0.21646577,0,1669368911964000,2022-11-25 09:35:11
22619000.0,0.06658542,1,1669368911373001,2022-11-25 09:35:11
22619000.0,0.00972045,1,1669368911373000,2022-11-25 09:35:11
22620000.0,0.20613377,0,1669368912623000,2022-11-25 09:35:12
22619000.0,0.00088421,1,1669368913563000,2022-11-25 09:35:13
22619000.0,0.00335985,1,1669368913468000,2022-11-25 09:35:13
22620000.0,0.005,0,1669368913193000,2022-11-25 09:35:13
22619000.0,0.06332461,1,1669368915636000,2022-11-25 09:35:15
22619000.0,0.03077681,1,1669368915636001,2022-11-25 09:35:15
22619000.0,0.01667473,1,1669368917731000,2022-11-25 09:35:17
22619000.0,0.007,1,1669368917393000,2022-11-25 09:35:17
22620000.0,0.00852995,0,1669368918233002,2022-11-25 09:35:18
22620000.0,0.14899853,0,1669368918233001,2022-11-25 09:35:18
22620000.0,0.00665597,0,1669368918233000,2022-11-25 09:35:18
22619000.0,0.12240221,1,1669368918613001,2022-11-25 09:35:18
22619000.0,0.01078403,1,1669368918613000,2022-11-25 09:35:18
22620000.0,0.00044209,0,1669368920874001,2022-11-25 09:35:20
22620000.0,0.11052167,0,1669368920874002,2022-11-25 09:35:20
22620000.0,0.04683769,0,1669368920874000,2022-11-25 09:35:20
22620000.0,0.09596583,0,1669368920874004,2022-11-25 09:35:20
22620000.0,0.08771187,0,1669368920874003,2022-11-25 09:35:20
22630000.0,0.31770212,0,1669368921394000,2022-11-25 09:35:21
22629000.0,0.01297583,0,1669368922447000,2022-11-25 09:35:22
22620000.0,0.1089,1,1669368924310000,2022-11-25 09:35:24
22620000.0,0.28409968,1,1669368925856003,2022-11-25 09:35:25
22619000.0,0.04925173,1,1669368925856002,2022-11-25 09:35:25
22612000.0,0.07826905,1,1669368925856001,2022-11-25 09:35:25
22620000.0,0.01731164,1,1669368925856000,2022-11-25 09:35:25
22620000.0,0.00846084,1,1669368925417000,2022-11-25 09:35:25
22630000.0,0.00618294,0,1669368926668001,2022-11-25 09:35:26
22616000.0,0.00044216,1,1669368926412000,2022-11-25 09:35:26
22611000.0,0.01082453,1,1669368926412001,2022-11-25 09:35:26
22610000.0,0.14,1,1669368926798000,2022-11-25 09:35:26
22628000.0,0.00314821,0,1669368926668000,2022-11-25 09:35:26
22611000.0,0.07758378,1,1669368926798002,2022-11-25 09:35:26
22606000.0,0.02421622,1,1669368926798003,2022-11-25 09:35:26
22630000.0,0.00750751,0,1669368926127000,2022-11-25 09:35:26
22607000.0,0.001,1,1669368926798001,2022-11-25 09:35:26
22630000.0,0.0341,1,1669368931232000,2022-11-25 09:35:31
22630000.0,0.04418,1,1669368931771000,2022-11-25 09:35:31
22630000.0,0.06,1,1669368933072000,2022-11-25 09:35:33
22630000.0,0.04417,1,1669368933026000,2022-11-25 09:35:33
22630000.0,0.04416,1,1669368933948000,2022-11-25 09:35:33
22630000.0,0.12448272,1,1669368934108000,2022-11-25 09:35:34
22621000.0,0.03631,1,1669368936151000,2022-11-25 09:35:36
22630000.0,0.04824958,0,1669368936380000,2022-11-25 09:35:36
22630000.0,0.15235827,0,1669368937498000,2022-11-25 09:35:37
22630000.0,0.03313806,0,1669368937498001,2022-11-25 09:35:37
22621000.0,0.00498,1,1669368937914000,2022-11-25 09:35:37
22630000.0,0.08830511,0,1669368937907000,2022-11-25 09:35:37
22630000.0,0.11473209,0,1669368939169001,2022-11-25 09:35:39
22630000.0,0.20263295,0,1669368939169000,2022-11-25 09:35:39
22630000.0,0.06074,1,1669368939350000,2022-11-25 09:35:39
22630000.0,0.091,1,1669368940584000,2022-11-25 09:35:40
22630000.0,0.04418,1,1669368940450000,2022-11-25 09:35:40
22630000.0,0.04416,1,1669368941992000,2022-11-25 09:35:41
22633000.0,0.00333274,0,1669368942912001,2022-11-25 09:35:42
22633000.0,0.00221896,0,1669368942912000,2022-11-25 09:35:42
22630000.0,0.04416,1,1669368942896000,2022-11-25 09:35:42
22630000.0,0.013,1,1669368942588000,2022-11-25 09:35:42
22633000.0,0.04417,1,1669368943887000,2022-11-25 09:35:43
22633000.0,0.0344,1,1669368944475000,2022-11-25 09:35:44
22630000.0,0.03396004,1,1669368944595000,2022-11-25 09:35:44
22633000.0,0.00343996,1,1669368944595001,2022-11-25 09:35:44
22630000.0,0.04416,1,1669368944877000,2022-11-25 09:35:44
22634000.0,0.02082094,0,1669368945852000,2022-11-25 09:35:45
22630000.0,0.04416,1,1669368945814000,2022-11-25 09:35:45
22634000.0,0.00137648,0,1669368946215000,2022-11-25 09:35:46
22630000.0,0.04188,1,1669368946994000,2022-11-25 09:35:46
22630000.0,0.0959,1,1669368946576000,2022-11-25 09:35:46
22630000.0,0.01458757,1,1669368947987002,2022-11-25 09:35:47
22630000.0,0.09836868,1,1669368947987001,2022-11-25 09:35:47
22630000.0,0.00088421,1,1669368947987000,2022-11-25 09:35:47
22630000.0,0.08308943,1,1669368947890000,2022-11-25 09:35:47
22630000.0,0.00125936,1,1669368948582000,2022-11-25 09:35:48
22630000.0,0.00633,1,1669368948394000,2022-11-25 09:35:48
22630000.0,0.00794064,1,1669368948582001,2022-11-25 09:35:48
22630000.0,0.00131087,1,1669368949679000,2022-11-25 09:35:49
22634000.0,0.00044182,0,1669368949556004,2022-11-25 09:35:49
22634000.0,0.000243,0,1669368949556003,2022-11-25 09:35:49
22634000.0,0.00268168,0,1669368949556002,2022-11-25 09:35:49
22634000.0,0.05394316,0,1669368949556001,2022-11-25 09:35:49
22633000.0,0.00126868,0,1669368949556000,2022-11-25 09:35:49
22630000.0,0.0361,1,1669368950598000,2022-11-25 09:35:50
22619000.0,0.00088421,1,1669368952200000,2022-11-25 09:35:52
22622000.0,0.09078706,1,1669368952200004,2022-11-25 09:35:52
22621000.0,2e-05,1,1669368952200003,2022-11-25 09:35:52
22621000.0,0.0059658,1,1669368952200002,2022-11-25 09:35:52
22630000.0,3.28e-06,1,1669368952200001,2022-11-25 09:35:52
22619000.0,0.08906598,0,1669368953103000,2022-11-25 09:35:53
22624000.0,0.0213922,0,1669368953103001,2022-11-25 09:35:53
22624000.0,0.0432837,0,1669368954042000,2022-11-25 09:35:54
22624000.0,0.12202769,0,1669368954443000,2022-11-25 09:35:54
22624000.0,0.02110949,0,1669368957535000,2022-11-25 09:35:57
22608000.0,0.06973533,1,1669368958113000,2022-11-25 09:35:58
22607000.0,0.00390226,1,1669368963678000,2022-11-25 09:36:03
22608000.0,0.00139437,0,1669368964198000,2022-11-25 09:36:04
22610000.0,0.015,1,1669368964892000,2022-11-25 09:36:04
22631000.0,0.00636463,0,1669368965865000,2022-11-25 09:36:05
22631000.0,0.01794944,0,1669368966582000,2022-11-25 09:36:06
22625000.0,0.18536009,0,1669368967348000,2022-11-25 09:36:07
22631000.0,0.00220829,1,1669368968668000,2022-11-25 09:36:08
22608000.0,0.00711579,1,1669368971710000,2022-11-25 09:36:11
22608000.0,0.00088421,1,1669368971710001,2022-11-25 09:36:11
22631000.0,0.01662398,0,1669368971765000,2022-11-25 09:36:11
22633000.0,0.05509216,1,1669368971911000,2022-11-25 09:36:11
22633000.0,0.095,0,1669368971223000,2022-11-25 09:36:11
22634000.0,0.48691647,0,1669368971223001,2022-11-25 09:36:11
22633000.0,0.00026068,0,1669368971940000,2022-11-25 09:36:11
22631000.0,0.0002607,0,1669368972135000,2022-11-25 09:36:12
22631000.0,0.001,0,1669368972255000,2022-11-25 09:36:12
22630000.0,0.00024304,0,1669368975570000,2022-11-25 09:36:15
22627000.0,0.00034342,0,1669368977652000,2022-11-25 09:36:17
22627000.0,0.04497484,0,1669368978276001,2022-11-25 09:36:18
22630000.0,0.06662911,0,1669368978276002,2022-11-25 09:36:18
22630000.0,0.09975696,0,1669368978276000,2022-11-25 09:36:18
22630000.0,0.00088421,0,1669368980238000,2022-11-25 09:36:20
22630000.0,0.03606816,0,1669368981773001,2022-11-25 09:36:21
22629000.0,0.04591,0,1669368981773000,2022-11-25 09:36:21
22630000.0,0.02818418,0,1669368982918001,2022-11-25 09:36:22
22630000.0,0.02950933,0,1669368982918000,2022-11-25 09:36:22
22630000.0,0.0123,1,1669368983085000,2022-11-25 09:36:23
22630000.0,0.01529,1,1669368984410000,2022-11-25 09:36:24
22630000.0,0.00305058,1,1669368985075002,2022-11-25 09:36:25
22612000.0,0.03473635,1,1669368985075001,2022-11-25 09:36:25
22612000.0,0.01851307,1,1669368985075000,2022-11-25 09:36:25
22630000.0,0.06755235,0,1669368990430000,2022-11-25 09:36:30
22629000.0,0.25083093,0,1669369000285001,2022-11-25 09:36:40
22628000.0,0.09411622,0,1669369000285000,2022-11-25 09:36:40
22628000.0,0.00088378,0,1669369000259000,2022-11-25 09:36:40
22628000.0,0.0094,1,1669369001088000,2022-11-25 09:36:41
22628000.0,0.07915851,1,1669369002035000,2022-11-25 09:36:42
22628000.0,0.00088386,0,1669369004933000,2022-11-25 09:36:44
22628000.0,0.10959704,0,1669369004391000,2022-11-25 09:36:44
22628000.0,0.00088378,0,1669369006731000,2022-11-25 09:36:46
22628000.0,0.04412876,0,1669369009164000,2022-11-25 09:36:49
22628000.0,0.086275,0,1669369009688000,2022-11-25 09:36:49
22627000.0,0.005,0,1669369014107000,2022-11-25 09:36:54
22627000.0,0.02158426,0,1669369014537001,2022-11-25 09:36:54
22628000.0,0.01081009,0,1669369014537000,2022-11-25 09:36:54
22628000.0,0.06062471,0,1669369015652000,2022-11-25 09:36:55
22627000.0,0.0358,1,1669369015494000,2022-11-25 09:36:55
22627000.0,0.00101945,1,1669369016458000,2022-11-25 09:36:56
22612000.0,0.00945082,1,1669369016850000,2022-11-25 09:36:56
22612000.0,0.00399703,1,1669369016850001,2022-11-25 09:36:56
22627000.0,0.01489743,1,1669369016850002,2022-11-25 09:36:56
22628000.0,0.06625056,0,1669369018471000,2022-11-25 09:36:58
22627000.0,5.081e-05,1,1669369019557000,2022-11-25 09:36:59
22627000.0,0.0441,1,1669369019472000,2022-11-25 09:36:59
22628000.0,0.05956518,0,1669369019306000,2022-11-25 09:36:59
22612000.0,0.00567341,1,1669369020162000,2022-11-25 09:37:00
22612000.0,0.00463919,1,1669369020712000,2022-11-25 09:37:00
22612000.0,0.01328153,1,1669369021238000,2022-11-25 09:37:01
22628000.0,0.07254716,0,1669369021443000,2022-11-25 09:37:01
22628000.0,0.09124614,0,1669369025985001,2022-11-25 09:37:05
22628000.0,0.01923644,0,1669369025985000,2022-11-25 09:37:05
22628000.0,0.00821274,0,1669369025098000,2022-11-25 09:37:05
22613000.0,0.00225825,1,1669369025008000,2022-11-25 09:37:05
22613000.0,0.0005305,1,1669369026952000,2022-11-25 09:37:06
22613000.0,0.0555359,1,1669369026833000,2022-11-25 09:37:06
22628000.0,0.00053031,0,1669369028971000,2022-11-25 09:37:08
22613000.0,0.03022779,1,1669369030488000,2022-11-25 09:37:10
22613000.0,0.01019729,1,1669369032584001,2022-11-25 09:37:12
22613000.0,0.02194818,1,1669369032584000,2022-11-25 09:37:12
22613000.0,0.00114066,1,1669369036030001,2022-11-25 09:37:16
22613000.0,0.10355065,1,1669369036030000,2022-11-25 09:37:16
22628000.0,0.02570212,0,1669369037211000,2022-11-25 09:37:17
22616000.0,0.0655,1,1669369039029000,2022-11-25 09:37:19
22616000.0,0.00727943,1,1669369044685001,2022-11-25 09:37:24
22616000.0,0.02851595,1,1669369044685000,2022-11-25 09:37:24
22616000.0,0.46420462,1,1669369044685002,2022-11-25 09:37:24
22628000.0,0.01290111,0,1669369044205001,2022-11-25 09:37:24
22628000.0,0.0585258,0,1669369044205000,2022-11-25 09:37:24
22630000.0,0.12404718,0,1669369044205002,2022-11-25 09:37:24
22629000.0,0.6,0,1669369044205003,2022-11-25 09:37:24
22629000.0,0.02208634,0,1669369045497000,2022-11-25 09:37:25
22629000.0,0.00198072,0,1669369054990001,2022-11-25 09:37:34
22628000.0,0.01085567,0,1669369054990000,2022-11-25 09:37:34
22629000.0,0.05244185,0,1669369056998000,2022-11-25 09:37:36
22629000.0,0.03731685,0,1669369058579002,2022-11-25 09:37:38
22629000.0,0.01147989,0,1669369058579001,2022-11-25 09:37:38
22629000.0,0.01331014,0,1669369058579000,2022-11-25 09:37:38
22617000.0,0.00100749,1,1669369062202000,2022-11-25 09:37:42
22628000.0,0.04877642,0,1669369062968000,2022-11-25 09:37:42
22617000.0,0.01630953,1,1669369064594000,2022-11-25 09:37:44
22618000.0,0.04419047,1,1669369064594001,2022-11-25 09:37:44
22618000.0,0.06,1,1669369065362000,2022-11-25 09:37:45
22628000.0,0.0795077,0,1669369067922000,2022-11-25 09:37:47
22628000.0,0.01925673,0,1669369069956002,2022-11-25 09:37:49
22628000.0,0.00661574,0,1669369069956001,2022-11-25 09:37:49
22628000.0,0.06419283,0,1669369069956000,2022-11-25 09:37:49
22628000.0,0.012,1,1669369070187000,2022-11-25 09:37:50
22628000.0,0.0183,1,1669369072177000,2022-11-25 09:37:52
22629000.0,0.08833797,0,1669369073176000,2022-11-25 09:37:53
22628000.0,0.03529549,1,1669369074183001,2022-11-25 09:37:54
22628000.0,0.05680451,1,1669369074183000,2022-11-25 09:37:54
22628000.0,0.02162477,1,1669369076705001,2022-11-25 09:37:56
22628000.0,0.05606076,1,1669369076182000,2022-11-25 09:37:56
22628000.0,0.02367424,1,1669369076705002,2022-11-25 09:37:56
22628000.0,0.00114208,1,1669369076705000,2022-11-25 09:37:56
22628000.0,0.006,1,1669369076887000,2022-11-25 09:37:56
22628000.0,0.01213924,1,1669369076182001,2022-11-25 09:37:56
22629000.0,0.095,0,1669369077165001,2022-11-25 09:37:57
22629000.0,0.00088387,1,1669369077224000,2022-11-25 09:37:57
22629000.0,0.00777143,0,1669369077165000,2022-11-25 09:37:57
22629000.0,0.095,1,1669369077983000,2022-11-25 09:37:57
22628000.0,0.06493836,1,1669369078706001,2022-11-25 09:37:58
22628000.0,0.01,1,1669369078962000,2022-11-25 09:37:58
22628000.0,6.164e-05,1,1669369078706000,2022-11-25 09:37:58
22629000.0,0.00488184,1,1669369078200000,2022-11-25 09:37:58
22628000.0,0.01471816,1,1669369078200001,2022-11-25 09:37:58
22618000.0,0.02756539,1,1669369079385001,2022-11-25 09:37:59
22628000.0,0.03243461,1,1669369079385000,2022-11-25 09:37:59
22628000.0,0.005,1,1669369079354000,2022-11-25 09:37:59
22628000.0,0.019,1,1669369079035000,2022-11-25 09:37:59
22618000.0,0.02208634,1,1669369083029000,2022-11-25 09:38:03
22630000.0,0.13903795,0,1669369086994001,2022-11-25 09:38:06
22629000.0,0.095,0,1669369086994000,2022-11-25 09:38:06
22619000.0,0.00088628,1,1669369087693000,2022-11-25 09:38:07
22619000.0,0.06076,1,1669369087747000,2022-11-25 09:38:07
22619000.0,0.00032789,1,1669369089612000,2022-11-25 09:38:09
22630000.0,0.03302739,0,1669369091165000,2022-11-25 09:38:11
22619000.0,0.0108,1,1669369091173000,2022-11-25 09:38:11
22619000.0,0.0507,1,1669369093929000,2022-11-25 09:38:13
22619000.0,0.03157085,1,1669369099094000,2022-11-25 09:38:19
22618000.0,0.13984269,1,1669369099094001,2022-11-25 09:38:19
22618000.0,0.06692983,1,1669369101635000,2022-11-25 09:38:21
22618000.0,0.04817578,1,1669369107075000,2022-11-25 09:38:27
22627000.0,0.0136,1,1669369110526000,2022-11-25 09:38:30
22627000.0,0.0045,1,1669369110436000,2022-11-25 09:38:30
22619000.0,0.01326319,0,1669369110373001,2022-11-25 09:38:30
22627000.0,0.095,0,1669369110373000,2022-11-25 09:38:30
22627000.0,0.095,1,1669369111893000,2022-11-25 09:38:31
22627000.0,0.025,1,1669369111347000,2022-11-25 09:38:31
22627000.0,0.0777,1,1669369112527000,2022-11-25 09:38:32
22628000.0,0.001,0,1669369114366000,2022-11-25 09:38:34
22627000.0,0.00670332,1,1669369115395000,2022-11-25 09:38:35
22627000.0,0.0021133,0,1669369120221000,2022-11-25 09:38:40
22628000.0,0.13251284,0,1669369122362000,2022-11-25 09:38:42
22627000.0,9.534e-05,1,1669369122783001,2022-11-25 09:38:42
22627000.0,0.01280466,1,1669369122783000,2022-11-25 09:38:42
22627000.0,0.05463092,1,1669369124918001,2022-11-25 09:38:44
22627000.0,0.0245535,1,1669369124918000,2022-11-25 09:38:44
22627000.0,0.0129,1,1669369124783000,2022-11-25 09:38:44
22627000.0,0.07162123,1,1669369124470000,2022-11-25 09:38:44
22628000.0,0.00844455,0,1669369125839000,2022-11-25 09:38:45
22628000.0,0.02209651,0,1669369126912000,2022-11-25 09:38:46
22627000.0,0.01838271,1,1669369126791001,2022-11-25 09:38:46
22627000.0,0.00441729,1,1669369126791000,2022-11-25 09:38:46
22628000.0,0.00896325,0,1669369126499000,2022-11-25 09:38:46
22628000.0,0.11805017,0,1669369127292000,2022-11-25 09:38:47
22627000.0,0.00044194,1,1669369127564000,2022-11-25 09:38:47
22627000.0,0.02340305,0,1669369127933001,2022-11-25 09:38:47
22628000.0,0.05031329,0,1669369127933000,2022-11-25 09:38:47
22627000.0,2.935e-05,1,1669369127564001,2022-11-25 09:38:47
22627000.0,0.00497799,1,1669369128899000,2022-11-25 09:38:48
22627000.0,0.0127,1,1669369128783000,2022-11-25 09:38:48
22627000.0,0.08836027,0,1669369131280000,2022-11-25 09:38:51
22620000.0,0.01381101,1,1669369133767001,2022-11-25 09:38:53
22620000.0,0.00120965,1,1669369133767000,2022-11-25 09:38:53
22627000.0,0.00044194,0,1669369133345000,2022-11-25 09:38:53
22618000.0,0.00046911,1,1669369134183000,2022-11-25 09:38:54
22618000.0,0.05457685,1,1669369136906000,2022-11-25 09:38:56
22618000.0,0.00363651,1,1669369136906001,2022-11-25 09:38:56
22618000.0,0.0174916,1,1669369136906002,2022-11-25 09:38:56
22618000.0,0.001,1,1669369136906003,2022-11-25 09:38:56
22618000.0,0.06615145,0,1669369136999000,2022-11-25 09:38:56
22618000.0,0.00026527,0,1669369137090000,2022-11-25 09:38:57
22618000.0,0.02,0,1669369139180000,2022-11-25 09:38:59
22617000.0,0.01612122,1,1669369139311000,2022-11-25 09:38:59
22618000.0,0.32812035,0,1669369140698000,2022-11-25 09:39:00
22617000.0,0.34729241,1,1669369143064000,2022-11-25 09:39:03
22618000.0,0.07200539,0,1669369144363000,2022-11-25 09:39:04
22618000.0,0.02316022,0,1669369145297000,2022-11-25 09:39:05
22618000.0,0.00044212,0,1669369147704000,2022-11-25 09:39:07
22618000.0,0.01324127,0,1669369149709000,2022-11-25 09:39:09
22618000.0,0.02210628,0,1669369152119000,2022-11-25 09:39:12
22618000.0,0.04419051,0,1669369152219000,2022-11-25 09:39:12
22617000.0,0.01306127,1,1669369153904000,2022-11-25 09:39:13
22614000.0,0.03717863,1,1669369156769010,2022-11-25 09:39:16
22617000.0,0.01035791,1,1669369156769009,2022-11-25 09:39:16
22616000.0,0.01,1,1669369156769008,2022-11-25 09:39:16
22614000.0,0.001,1,1669369156769007,2022-11-25 09:39:16
22613000.0,0.48222851,1,1669369156769006,2022-11-25 09:39:16
22616000.0,0.001,1,1669369156769005,2022-11-25 09:39:16
22617000.0,0.00220962,1,1669369156769004,2022-11-25 09:39:16
22616000.0,0.11543525,1,1669369156769003,2022-11-25 09:39:16
22617000.0,0.00044214,1,1669369156769002,2022-11-25 09:39:16
22617000.0,0.08842905,1,1669369156769001,2022-11-25 09:39:16
22616000.0,0.001,1,1669369163480000,2022-11-25 09:39:23
22614000.0,0.00024321,0,1669369165246000,2022-11-25 09:39:25
22614000.0,0.04441143,0,1669369165012000,2022-11-25 09:39:25
22612000.0,0.06629643,1,1669369166503010,2022-11-25 09:39:26
22613000.0,0.001,1,1669369166503009,2022-11-25 09:39:26
22612000.0,0.00088378,1,1669369166503008,2022-11-25 09:39:26
22612000.0,0.01661104,1,1669369166503007,2022-11-25 09:39:26
22612000.0,0.1440053,1,1669369166503006,2022-11-25 09:39:26
22613000.0,0.01,1,1669369166503005,2022-11-25 09:39:26
22613000.0,0.08840049,1,1669369166503004,2022-11-25 09:39:26
22613000.0,0.5277426,1,1669369166503003,2022-11-25 09:39:26
22612000.0,0.001,1,1669369166503002,2022-11-25 09:39:26
22612000.0,0.001,1,1669369166503001,2022-11-25 09:39:26
22610000.0,0.001,1,1669369169448001,2022-11-25 09:39:29
22607000.0,0.20509774,1,1669369169448008,2022-11-25 09:39:29
22608000.0,0.001,1,1669369169448002,2022-11-25 09:39:29
22608000.0,0.04423213,1,1669369169448000,2022-11-25 09:39:29
22607000.0,0.20068666,1,1669369169448003,2022-11-25 09:39:29
22607000.0,0.19856285,1,1669369169448009,2022-11-25 09:39:29
22608000.0,0.001,1,1669369169448005,2022-11-25 09:39:29
22608000.0,0.66757138,1,1669369169448006,2022-11-25 09:39:29
22607000.0,0.008,1,1669369169448007,2022-11-25 09:39:29
22608000.0,0.04423213,1,1669369169448004,2022-11-25 09:39:29
22607000.0,0.11149453,0,1669369170311000,2022-11-25 09:39:30
22606000.0,0.001,1,1669369171825002,2022-11-25 09:39:31
22606000.0,0.07646696,1,1669369171825001,2022-11-25 09:39:31
22605000.0,0.06549998,1,1669369171825000,2022-11-25 09:39:31
22605000.0,0.00088421,1,1669369174429001,2022-11-25 09:39:34
22605000.0,0.25637155,1,1669369174429000,2022-11-25 09:39:34
22605000.0,0.00088421,1,1669369174429002,2022-11-25 09:39:34
22605000.0,0.04423408,0,1669369177136000,2022-11-25 09:39:37
22605000.0,0.001,0,1669369181114000,2022-11-25 09:39:41
22605000.0,0.11134737,0,1669369182271000,2022-11-25 09:39:42
22604000.0,0.00133,1,1669369186418001,2022-11-25 09:39:46
22603000.0,0.00088483,1,1669369186418006,2022-11-25 09:39:46
22603000.0,0.16833086,1,1669369186418005,2022-11-25 09:39:46
22604000.0,0.04423995,1,1669369186418004,2022-11-25 09:39:46
22604000.0,0.001,1,1669369186418003,2022-11-25 09:39:46
22603000.0,0.0519966,1,1669369186418002,2022-11-25 09:39:46
22604000.0,0.001,1,1669369186418000,2022-11-25 09:39:46
22603000.0,0.00044241,0,1669369189667000,2022-11-25 09:39:49
22602000.0,0.11233588,1,1669369193533000,2022-11-25 09:39:53
22602000.0,0.00044243,1,1669369193533001,2022-11-25 09:39:53
22602000.0,0.00178171,1,1669369193533002,2022-11-25 09:39:53
22602000.0,0.00222528,1,1669369193533003,2022-11-25 09:39:53
22603000.0,0.11048596,0,1669369194298000,2022-11-25 09:39:54
22602000.0,0.00309707,1,1669369195264005,2022-11-25 09:39:55
22602000.0,0.00044243,1,1669369195264004,2022-11-25 09:39:55
22602000.0,0.00097907,1,1669369195264003,2022-11-25 09:39:55
22602000.0,0.1,1,1669369195264002,2022-11-25 09:39:55
22602000.0,0.001,1,1669369195264001,2022-11-25 09:39:55
22602000.0,0.03541431,1,1669369195264000,2022-11-25 09:39:55
22602000.0,0.01945653,0,1669369197634000,2022-11-25 09:39:57
22602000.0,0.16771638,0,1669369197264000,2022-11-25 09:39:57
22602000.0,0.02212095,0,1669369201305000,2022-11-25 09:40:01
22601000.0,0.00221229,1,1669369203867000,2022-11-25 09:40:03
22601000.0,0.00044245,1,1669369203867001,2022-11-25 09:40:03
22601000.0,0.08760775,1,1669369203867003,2022-11-25 09:40:03
22601000.0,0.00233263,1,1669369203867002,2022-11-25 09:40:03
22602000.0,0.05748828,0,1669369204880000,2022-11-25 09:40:04
22601000.0,0.02049681,1,1669369211070000,2022-11-25 09:40:11
22601000.0,0.00728792,1,1669369212255000,2022-11-25 09:40:12
22601000.0,0.01290654,1,1669369212326000,2022-11-25 09:40:12
22601000.0,0.09175616,1,1669369215400000,2022-11-25 09:40:15
22602000.0,0.05473568,0,1669369218910000,2022-11-25 09:40:18
22601000.0,0.04424582,1,1669369219851001,2022-11-25 09:40:19
22601000.0,0.00117432,1,1669369219851000,2022-11-25 09:40:19
22601000.0,0.00044245,1,1669369219851002,2022-11-25 09:40:19
22600000.0,0.04422571,1,1669369219851003,2022-11-25 09:40:19
22600000.0,0.05438402,1,1669369219851005,2022-11-25 09:40:19
22600000.0,0.0002739,1,1669369219851006,2022-11-25 09:40:19
22600000.0,0.00022212,1,1669369219851007,2022-11-25 09:40:19
22600000.0,0.00044247,1,1669369219851004,2022-11-25 09:40:19
22602000.0,0.02,0,1669369222372000,2022-11-25 09:40:22
22602000.0,0.0273,0,1669369223798000,2022-11-25 09:40:23
22600000.0,0.00141451,1,1669369225065007,2022-11-25 09:40:25
22600000.0,0.00088476,1,1669369225065005,2022-11-25 09:40:25
22600000.0,0.00044247,1,1669369225065006,2022-11-25 09:40:25
22600000.0,0.00044247,1,1669369225065009,2022-11-25 09:40:25
22600000.0,0.0206899,1,1669369225065008,2022-11-25 09:40:25
22600000.0,0.00044247,1,1669369225065011,2022-11-25 09:40:25
22600000.0,0.001,1,1669369225065012,2022-11-25 09:40:25
22600000.0,0.04424778,1,1669369225065013,2022-11-25 09:40:25
22600000.0,0.0008119,1,1669369225065014,2022-11-25 09:40:25
22600000.0,0.04534365,1,1669369225065010,2022-11-25 09:40:25
22602000.0,0.05309264,0,1669369226513000,2022-11-25 09:40:26
22602000.0,0.0091802,0,1669369227666002,2022-11-25 09:40:27
22602000.0,0.10104406,0,1669369227666001,2022-11-25 09:40:27
22602000.0,0.02243524,0,1669369227666000,2022-11-25 09:40:27
22600000.0,0.00375937,1,1669369229525000,2022-11-25 09:40:29
22600000.0,0.00044243,0,1669369230215000,2022-11-25 09:40:30
22600000.0,0.02815353,0,1669369231932000,2022-11-25 09:40:31
22600000.0,0.00331845,0,1669369234885000,2022-11-25 09:40:34
22600000.0,0.0004273,0,1669369235622000,2022-11-25 09:40:35
22599000.0,0.00442497,0,1669369237831000,2022-11-25 09:40:37
22599000.0,0.00497559,1,1669369237127000,2022-11-25 09:40:37
22599000.0,0.00044249,1,1669369237127001,2022-11-25 09:40:37
22599000.0,0.02486977,1,1669369237127002,2022-11-25 09:40:37
22599000.0,0.07076421,1,1669369237127003,2022-11-25 09:40:37
22599000.0,0.17699115,0,1669369239855000,2022-11-25 09:40:39
22598000.0,0.00800947,1,1669369239691000,2022-11-25 09:40:39
22599000.0,0.06692202,0,1669369242229000,2022-11-25 09:40:42
22598000.0,0.00044251,1,1669369245987004,2022-11-25 09:40:45
22598000.0,0.00166592,1,1669369245987003,2022-11-25 09:40:45
22598000.0,0.06204102,1,1669369245987002,2022-11-25 09:40:45
22598000.0,0.001,1,1669369245987001,2022-11-25 09:40:45
22598000.0,0.00044251,1,1669369245987000,2022-11-25 09:40:45
22598000.0,0.00884994,0,1669369246107000,2022-11-25 09:40:46
22598000.0,0.01498056,0,1669369246905001,2022-11-25 09:40:46
22599000.0,0.43301779,0,1669369246905000,2022-11-25 09:40:46
22597000.0,0.00128219,1,1669369248050000,2022-11-25 09:40:48
22597000.0,0.00100749,1,1669369252006000,2022-11-25 09:40:52
22598000.0,0.01205528,0,1669369255012000,2022-11-25 09:40:55
22598000.0,0.11793296,1,1669369255403000,2022-11-25 09:40:55
22599000.0,0.13105132,0,1669369255307000,2022-11-25 09:40:55
22598000.0,0.001,0,1669369260822000,2022-11-25 09:41:00
22598000.0,0.00802085,0,1669369261122000,2022-11-25 09:41:01
22598000.0,0.04208929,0,1669369261542000,2022-11-25 09:41:01
22598000.0,0.0127,0,1669369263617000,2022-11-25 09:41:03
22597000.0,0.0004273,1,1669369264204000,2022-11-25 09:41:04
22598000.0,0.0138,0,1669369265610000,2022-11-25 09:41:05
22598000.0,0.00088503,0,1669369266582000,2022-11-25 09:41:06
22597000.0,0.0019913,1,1669369267728001,2022-11-25 09:41:07
22597000.0,0.00044253,1,1669369267728002,2022-11-25 09:41:07
22597000.0,0.00612932,1,1669369267728003,2022-11-25 09:41:07
22597000.0,0.04449376,1,1669369267728004,2022-11-25 09:41:07
22597000.0,0.04,1,1669369267728005,2022-11-25 09:41:07
22597000.0,0.46041878,1,1669369267728009,2022-11-25 09:41:07
22597000.0,0.00177014,1,1669369267728007,2022-11-25 09:41:07
22597000.0,0.00044253,1,1669369267728008,2022-11-25 09:41:07
22597000.0,0.00442536,1,1669369267728006,2022-11-25 09:41:07
22597000.0,0.00259241,1,1669369267728010,2022-11-25 09:41:07
22599000.0,0.0197,0,1669369269647000,2022-11-25 09:41:09
22599000.0,0.27590748,0,1669369269350001,2022-11-25 09:41:09
22598000.0,9.252e-05,0,1669369269350000,2022-11-25 09:41:09
22597000.0,0.00153405,1,1669369270528000,2022-11-25 09:41:10
22599000.0,0.00048674,0,1669369272160000,2022-11-25 09:41:12
22599000.0,0.021,0,1669369275660000,2022-11-25 09:41:15
22598000.0,0.22116161,1,1669369277950000,2022-11-25 09:41:17
22598000.0,0.01362719,1,1669369278741000,2022-11-25 09:41:18
22598000.0,0.04421061,1,1669369281061000,2022-11-25 09:41:21
22599000.0,0.04848762,0,1669369281418003,2022-11-25 09:41:21
22599000.0,0.00278425,0,1669369281418002,2022-11-25 09:41:21
22599000.0,0.00191464,0,1669369281418001,2022-11-25 09:41:21
22599000.0,0.67141349,0,1669369281418000,2022-11-25 09:41:21
22600000.0,0.0003503,0,1669369284359001,2022-11-25 09:41:24
22599000.0,1.717e-05,0,1669369284359000,2022-11-25 09:41:24
22600000.0,0.11577859,0,1669369285037001,2022-11-25 09:41:25
22600000.0,0.012,0,1669369285037000,2022-11-25 09:41:25
22600000.0,0.01142855,1,1669369287845000,2022-11-25 09:41:27
22600000.0,0.01924488,1,1669369290561000,2022-11-25 09:41:30
22600000.0,0.06447353,1,1669369291354000,2022-11-25 09:41:31
22600000.0,0.00044247,1,1669369291736001,2022-11-25 09:41:31
22600000.0,0.36810747,1,1669369291736000,2022-11-25 09:41:31
22599000.0,0.00053031,1,1669369292828000,2022-11-25 09:41:32
22600000.0,0.00053097,0,1669369294902000,2022-11-25 09:41:34
22600000.0,0.001,0,1669369294683000,2022-11-25 09:41:34
22599000.0,0.00413578,1,1669369295003000,2022-11-25 09:41:35
22600000.0,0.0004425,0,1669369295655000,2022-11-25 09:41:35
22600000.0,0.01476562,0,1669369297449000,2022-11-25 09:41:37
22600000.0,0.01922644,0,1669369301057000,2022-11-25 09:41:41
22602000.0,0.0672,0,1669369301746000,2022-11-25 09:41:41
22600000.0,0.32817059,0,1669369301549001,2022-11-25 09:41:41
22600000.0,0.0639692,0,1669369301549000,2022-11-25 09:41:41
22602000.0,0.00217715,0,1669369303109000,2022-11-25 09:41:43
22602000.0,0.0192,0,1669369305444000,2022-11-25 09:41:45
22603000.0,0.05668435,0,1669369305676000,2022-11-25 09:41:45
22602000.0,3.015e-05,0,1669369305676001,2022-11-25 09:41:45
22602000.0,0.0168,0,1669369305056000,2022-11-25 09:41:45
22603000.0,0.03,0,1669369307457000,2022-11-25 09:41:47
22600000.0,0.00110951,1,1669369310201005,2022-11-25 09:41:50
22599000.0,0.00132682,1,1669369310201004,2022-11-25 09:41:50
22599000.0,0.01063233,1,1669369310201003,2022-11-25 09:41:50
22599000.0,0.05119791,1,1669369310201002,2022-11-25 09:41:50
22600000.0,0.00049314,1,1669369310201001,2022-11-25 09:41:50
22599000.0,0.00884994,1,1669369310201000,2022-11-25 09:41:50
22602000.0,0.0107801,1,1669369314200000,2022-11-25 09:41:54
22603000.0,0.00061894,0,1669369316628000,2022-11-25 09:41:56
22603000.0,0.005,0,1669369318037000,2022-11-25 09:41:58
22603000.0,0.16553096,0,1669369320240000,2022-11-25 09:42:00
22603000.0,0.03996904,0,1669369320240001,2022-11-25 09:42:00
22603000.0,0.11486948,0,1669369323519002,2022-11-25 09:42:03
22603000.0,0.02206132,0,1669369323519001,2022-11-25 09:42:03
22603000.0,0.0456692,0,1669369323519000,2022-11-25 09:42:03
22604000.0,0.03864352,0,1669369324539001,2022-11-25 09:42:04
22603000.0,6.374e-05,0,1669369324539000,2022-11-25 09:42:04
22602000.0,0.01698385,1,1669369325114001,2022-11-25 09:42:05
22602000.0,0.00735988,1,1669369325114000,2022-11-25 09:42:05
22604000.0,0.0326,0,1669369328894000,2022-11-25 09:42:08
22602000.0,0.13794059,1,1669369330326000,2022-11-25 09:42:10
22602000.0,0.0847262,1,1669369330326001,2022-11-25 09:42:10
22604000.0,0.00132719,0,1669369331333000,2022-11-25 09:42:11
22602000.0,0.00132545,1,1669369331203000,2022-11-25 09:42:11
22604000.0,0.0326,0,1669369332191000,2022-11-25 09:42:12
22604000.0,0.06902263,0,1669369332732000,2022-11-25 09:42:12
22604000.0,0.03578724,1,1669369335866000,2022-11-25 09:42:15
22605000.0,0.04424192,0,1669369336893002,2022-11-25 09:42:16
22605000.0,0.01024831,0,1669369336893001,2022-11-25 09:42:16
22605000.0,0.02211901,0,1669369336893000,2022-11-25 09:42:16
22605000.0,0.03192891,0,1669369338834000,2022-11-25 09:42:18
22605000.0,0.04491945,0,1669369338422000,2022-11-25 09:42:18
22605000.0,0.002212,1,1669369343903000,2022-11-25 09:42:23
22607000.0,0.00185224,0,1669369345955000,2022-11-25 09:42:25
22605000.0,0.01327141,1,1669369345333000,2022-11-25 09:42:25
22607000.0,0.2766682,0,1669369347160000,2022-11-25 09:42:27
22605000.0,0.0343,1,1669369348033000,2022-11-25 09:42:28
22605000.0,7.53e-06,1,1669369348106000,2022-11-25 09:42:28
22607000.0,0.22627531,0,1669369349176001,2022-11-25 09:42:29
22605000.0,0.00466247,0,1669369349176000,2022-11-25 09:42:29
22604000.0,0.0635,1,1669369350055000,2022-11-25 09:42:30
22603000.0,0.008844,1,1669369352063002,2022-11-25 09:42:32
22603000.0,0.02895386,1,1669369352063001,2022-11-25 09:42:32
22604000.0,2.14e-06,1,1669369352063000,2022-11-25 09:42:32
22607000.0,0.00091763,0,1669369353231000,2022-11-25 09:42:33
22604000.0,0.02563,1,1669369354853000,2022-11-25 09:42:34
22604000.0,0.01039481,1,1669369354513000,2022-11-25 09:42:34
22604000.0,0.23275159,1,1669369355642001,2022-11-25 09:42:35
22604000.0,0.01004841,1,1669369355642000,2022-11-25 09:42:35
22604000.0,0.03789721,1,1669369355520000,2022-11-25 09:42:35
22604000.0,0.01602957,1,1669369355388000,2022-11-25 09:42:35
22607000.0,0.04879967,0,1669369356965000,2022-11-25 09:42:36
22607000.0,0.51751433,0,1669369356965001,2022-11-25 09:42:36
22604000.0,0.00185224,1,1669369358735000,2022-11-25 09:42:38
22607000.0,0.00061865,0,1669369358503000,2022-11-25 09:42:38
22607000.0,0.13838674,0,1669369360450001,2022-11-25 09:42:40
22607000.0,0.03767836,0,1669369360450000,2022-11-25 09:42:40
22604000.0,0.05365222,1,1669369363194000,2022-11-25 09:42:43
22607000.0,0.0385496,0,1669369365208001,2022-11-25 09:42:45
22610000.0,0.0092904,0,1669369365208000,2022-11-25 09:42:45
22610000.0,0.00542327,1,1669369365436000,2022-11-25 09:42:45
22610000.0,0.0161,1,1669369366069000,2022-11-25 09:42:46
22612000.0,0.04319485,0,1669369366794000,2022-11-25 09:42:46
22604000.0,0.00499814,1,1669369367034000,2022-11-25 09:42:47
22610000.0,3.63e-06,1,1669369367034001,2022-11-25 09:42:47
22604000.0,0.00539833,1,1669369367086000,2022-11-25 09:42:47
22604000.0,0.00543641,1,1669369367149000,2022-11-25 09:42:47
22605000.0,0.00044238,1,1669369367034002,2022-11-25 09:42:47
22604000.0,0.0303,1,1669369368071000,2022-11-25 09:42:48
22604000.0,0.03338524,1,1669369369465000,2022-11-25 09:42:49
22604000.0,0.01102273,1,1669369369400000,2022-11-25 09:42:49
22604000.0,0.0444,1,1669369370061000,2022-11-25 09:42:50
22604000.0,0.00598874,1,1669369370439000,2022-11-25 09:42:50
22604000.0,0.00669185,1,1669369370393000,2022-11-25 09:42:50
22604000.0,0.00652208,1,1669369372051000,2022-11-25 09:42:52
22604000.0,0.00319876,1,1669369372051001,2022-11-25 09:42:52
22604000.0,0.00097079,1,1669369372051003,2022-11-25 09:42:52
22604000.0,0.02030837,1,1669369372051002,2022-11-25 09:42:52
22602000.0,0.00598516,1,1669369373509000,2022-11-25 09:42:53
22603000.0,0.0413566,1,1669369373430002,2022-11-25 09:42:53
22602000.0,0.02553621,1,1669369373430001,2022-11-25 09:42:53
22604000.0,2.921e-05,1,1669369373430000,2022-11-25 09:42:53
22602000.0,0.02324939,1,1669369374743001,2022-11-25 09:42:54
22610000.0,0.00442061,1,1669369374743000,2022-11-25 09:42:54
22604000.0,0.00877352,1,1669369379113000,2022-11-25 09:42:59
22611000.0,0.04617734,0,1669369380856001,2022-11-25 09:43:00
22611000.0,0.01193717,0,1669369380856000,2022-11-25 09:43:00
22604000.0,0.01590012,1,1669369383260001,2022-11-25 09:43:03
22604000.0,0.008,1,1669369383535000,2022-11-25 09:43:03
22604000.0,0.0072331,1,1669369383260000,2022-11-25 09:43:03
22604000.0,0.01001424,1,1669369383224000,2022-11-25 09:43:03
22604000.0,0.02203245,1,1669369384110000,2022-11-25 09:43:04
22604000.0,0.02856755,1,1669369384110001,2022-11-25 09:43:04
22603000.0,0.0086441,1,1669369384370000,2022-11-25 09:43:04
22603000.0,0.00859758,1,1669369384321001,2022-11-25 09:43:04
22604000.0,7.647e-05,1,1669369384321000,2022-11-25 09:43:04
22604000.0,0.00605701,1,1669369386471000,2022-11-25 09:43:06
22610000.0,0.00066643,0,1669369387223000,2022-11-25 09:43:07
22604000.0,0.00234438,1,1669369389476002,2022-11-25 09:43:09
22604000.0,0.0011251,1,1669369389476001,2022-11-25 09:43:09
22604000.0,0.01199774,1,1669369389476000,2022-11-25 09:43:09
22604000.0,0.016,1,1669369390180000,2022-11-25 09:43:10
22604000.0,0.02992764,1,1669369393995001,2022-11-25 09:43:13
22610000.0,0.00221507,1,1669369393995000,2022-11-25 09:43:13
22603000.0,0.00746682,1,1669369394865000,2022-11-25 09:43:14
22603000.0,0.01899,1,1669369394195000,2022-11-25 09:43:14
22603000.0,0.01124284,1,1669369399066000,2022-11-25 09:43:19
22604000.0,0.01770542,0,1669369399870000,2022-11-25 09:43:19
22604000.0,0.09063027,0,1669369402083000,2022-11-25 09:43:22
22604000.0,0.14812979,0,1669369407712000,2022-11-25 09:43:27
22603000.0,0.89207331,1,1669369407474000,2022-11-25 09:43:27
22604000.0,0.03,0,1669369408861000,2022-11-25 09:43:28
22603000.0,0.05298535,1,1669369408671001,2022-11-25 09:43:28
22603000.0,0.08825789,1,1669369408671000,2022-11-25 09:43:28
22603000.0,0.00149544,1,1669369410452000,2022-11-25 09:43:30
22604000.0,0.08939178,0,1669369410624000,2022-11-25 09:43:30
22603000.0,0.01024667,1,1669369415306001,2022-11-25 09:43:35
22603000.0,0.04424191,1,1669369415306000,2022-11-25 09:43:35
22603000.0,0.001,0,1669369419167000,2022-11-25 09:43:39
22602000.0,0.025,1,1669369419016000,2022-11-25 09:43:39
22603000.0,0.00088479,0,1669369419315000,2022-11-25 09:43:39
22602000.0,0.0309632,1,1669369425127001,2022-11-25 09:43:45
22602000.0,0.05160564,1,1669369425127000,2022-11-25 09:43:45
22603000.0,0.05758477,0,1669369426704002,2022-11-25 09:43:46
22603000.0,0.0721187,0,1669369426704001,2022-11-25 09:43:46
22603000.0,0.00288961,0,1669369426704000,2022-11-25 09:43:46
22602000.0,0.0105,1,1669369430026000,2022-11-25 09:43:50
22602000.0,0.08810378,1,1669369432550000,2022-11-25 09:43:52
22603000.0,0.0080931,0,1669369435929000,2022-11-25 09:43:55
22602000.0,0.019,1,1669369437018000,2022-11-25 09:43:57
22602000.0,0.08964929,1,1669369437881000,2022-11-25 09:43:57
22602000.0,0.00376182,1,1669369437822000,2022-11-25 09:43:57
22603000.0,0.00819012,0,1669369439885000,2022-11-25 09:43:59
22603000.0,0.05396766,0,1669369442936000,2022-11-25 09:44:02
22603000.0,0.01,0,1669369443439000,2022-11-25 09:44:03
22603000.0,0.00901819,0,1669369450644000,2022-11-25 09:44:10
22603000.0,0.00973437,0,1669369450402000,2022-11-25 09:44:10
22603000.0,0.0274,0,1669369452165000,2022-11-25 09:44:12
22603000.0,0.13773091,0,1669369453426001,2022-11-25 09:44:13
22603000.0,0.00464364,0,1669369453426000,2022-11-25 09:44:13
22603000.0,0.00442419,0,1669369453988000,2022-11-25 09:44:13
22603000.0,0.00884396,0,1669369454838000,2022-11-25 09:44:14
22602000.0,0.1,1,1669369457029000,2022-11-25 09:44:17
22603000.0,0.04091654,0,1669369457934000,2022-11-25 09:44:17
22602000.0,0.01333584,1,1669369457594000,2022-11-25 09:44:17
22602000.0,0.03013522,1,1669369457417000,2022-11-25 09:44:17
22602000.0,0.0038343,1,1669369460479000,2022-11-25 09:44:20
22602000.0,0.04636619,1,1669369468845000,2022-11-25 09:44:28
22602000.0,0.00055874,1,1669369468255000,2022-11-25 09:44:28
22602000.0,0.002212,1,1669369470348000,2022-11-25 09:44:30
22602000.0,0.00196924,1,1669369471251000,2022-11-25 09:44:31
22602000.0,0.0052955,1,1669369474624000,2022-11-25 09:44:34
22602000.0,0.00172372,1,1669369474570000,2022-11-25 09:44:34
22602000.0,0.06076,1,1669369476538000,2022-11-25 09:44:36
22602000.0,0.01255701,1,1669369476691000,2022-11-25 09:44:36
22602000.0,0.01877309,1,1669369476627000,2022-11-25 09:44:36
22602000.0,0.09389667,1,1669369477498000,2022-11-25 09:44:37
22602000.0,0.00755616,1,1669369478199000,2022-11-25 09:44:38
22602000.0,0.19533182,1,1669369481246000,2022-11-25 09:44:41
22602000.0,0.0103,1,1669369482430000,2022-11-25 09:44:42
22603000.0,0.00442202,0,1669369486941000,2022-11-25 09:44:46
22602000.0,0.06079,1,1669369487627000,2022-11-25 09:44:47
22602000.0,0.03032184,1,1669369487571000,2022-11-25 09:44:47
22602000.0,0.15762981,1,1669369487627001,2022-11-25 09:44:47
22602000.0,0.07168211,1,1669369490720000,2022-11-25 09:44:50
22602000.0,0.03,1,1669369490146000,2022-11-25 09:44:50
22602000.0,0.11075016,1,1669369490761000,2022-11-25 09:44:50
22602000.0,0.02259,1,1669369491161000,2022-11-25 09:44:51
22603000.0,0.07284642,0,1669369492219000,2022-11-25 09:44:52
22602000.0,0.02241049,1,1669369492375000,2022-11-25 09:44:52
22603000.0,0.07532841,0,1669369493152000,2022-11-25 09:44:53
22602000.0,0.03452086,1,1669369493678000,2022-11-25 09:44:53
22603000.0,0.05029466,0,1669369494618000,2022-11-25 09:44:54
22603000.0,0.01037613,0,1669369494618001,2022-11-25 09:44:54
22603000.0,0.03430302,0,1669369494361000,2022-11-25 09:44:54
22602000.0,0.03235221,1,1669369494128000,2022-11-25 09:44:54
22603000.0,0.00904933,0,1669369494618002,2022-11-25 09:44:54
22602000.0,0.01643784,1,1669369495205000,2022-11-25 09:44:55
22603000.0,0.01258844,0,1669369496747000,2022-11-25 09:44:56
22602000.0,0.02953544,1,1669369496580000,2022-11-25 09:44:56
22602000.0,0.00601903,1,1669369497125000,2022-11-25 09:44:57
22602000.0,0.01243868,1,1669369497023000,2022-11-25 09:44:57
22602000.0,0.02322,1,1669369502393000,2022-11-25 09:45:02
22602000.0,0.017958,1,1669369503317000,2022-11-25 09:45:03
22602000.0,0.01758581,1,1669369503564000,2022-11-25 09:45:03
22602000.0,0.11543525,1,1669369503117000,2022-11-25 09:45:03
22602000.0,0.001,1,1669369504863004,2022-11-25 09:45:04
22602000.0,0.02653305,1,1669369504863005,2022-11-25 09:45:04
22602000.0,0.07453272,1,1669369504863002,2022-11-25 09:45:04
22602000.0,0.00235012,1,1669369504863003,2022-11-25 09:45:04
22602000.0,0.1,1,1669369504863006,2022-11-25 09:45:04
22602000.0,0.51722485,1,1669369504863001,2022-11-25 09:45:04
22602000.0,0.00663326,1,1669369504863008,2022-11-25 09:45:04
22602000.0,0.00904536,1,1669369504092000,2022-11-25 09:45:04
22602000.0,0.00721561,1,1669369504165000,2022-11-25 09:45:04
22602000.0,0.01648388,1,1669369504863007,2022-11-25 09:45:04
22601000.0,0.004669,1,1669369505088000,2022-11-25 09:45:05
22601000.0,0.00727829,1,1669369505155000,2022-11-25 09:45:05
22603000.0,0.34579324,0,1669369509348001,2022-11-25 09:45:09
22603000.0,0.00191552,0,1669369509348002,2022-11-25 09:45:09
22602000.0,0.09416661,0,1669369509348000,2022-11-25 09:45:09
22601000.0,0.00670569,1,1669369509564000,2022-11-25 09:45:09
22600000.0,0.00283233,1,1669369509564001,2022-11-25 09:45:09
22600000.0,0.001,1,1669369509564002,2022-11-25 09:45:09
22600000.0,0.01106586,1,1669369509564003,2022-11-25 09:45:09
22602000.0,0.00586744,1,1669369510111000,2022-11-25 09:45:10
22602000.0,0.00587969,1,1669369511511000,2022-11-25 09:45:11
22602000.0,0.00557724,1,1669369512490000,2022-11-25 09:45:12
22602000.0,0.01163693,1,1669369512392001,2022-11-25 09:45:12
22602000.0,0.03259307,1,1669369512392000,2022-11-25 09:45:12
22602000.0,0.01258041,1,1669369513119000,2022-11-25 09:45:13
22602000.0,0.03740498,1,1669369513551000,2022-11-25 09:45:13
22602000.0,0.00032523,1,1669369513322000,2022-11-25 09:45:13
22600000.0,0.01403016,1,1669369514212000,2022-11-25 09:45:14
22600000.0,0.00464369,1,1669369514591003,2022-11-25 09:45:14
22599000.0,0.00261171,1,1669369514591002,2022-11-25 09:45:14
22600000.0,0.00082777,1,1669369514591001,2022-11-25 09:45:14
22600000.0,0.00081105,1,1669369514591000,2022-11-25 09:45:14
22600000.0,0.00873901,1,1669369515381000,2022-11-25 09:45:15
22600000.0,0.00949198,1,1669369515162000,2022-11-25 09:45:15
22600000.0,0.00874501,1,1669369516996000,2022-11-25 09:45:16
22600000.0,0.01109308,1,1669369516358000,2022-11-25 09:45:16
22599000.0,0.0168213,1,1669369517667001,2022-11-25 09:45:17
22599000.0,0.00539997,1,1669369517886000,2022-11-25 09:45:17
22604000.0,0.17408149,0,1669369517919000,2022-11-25 09:45:17
22602000.0,0.29208112,0,1669369517919001,2022-11-25 09:45:17
22602000.0,0.22121936,0,1669369517851000,2022-11-25 09:45:17
22604000.0,0.02158167,0,1669369517919003,2022-11-25 09:45:17
22603000.0,0.0257019,0,1669369517919004,2022-11-25 09:45:17
22599000.0,0.01181822,1,1669369517932000,2022-11-25 09:45:17
22604000.0,0.59200003,0,1669369517919002,2022-11-25 09:45:17
22599000.0,0.00909371,1,1669369517932001,2022-11-25 09:45:17
22599000.0,0.00519131,1,1669369518356000,2022-11-25 09:45:18
22599000.0,0.00360953,1,1669369519805000,2022-11-25 09:45:19
22599000.0,0.01182886,1,1669369519460000,2022-11-25 09:45:19
22599000.0,0.03460242,0,1669369521860000,2022-11-25 09:45:21
22599000.0,0.09379841,0,1669369522938000,2022-11-25 09:45:22
22607000.0,0.00125469,0,1669369523768002,2022-11-25 09:45:23
22604000.0,0.00287834,0,1669369523768001,2022-11-25 09:45:23
22610000.0,0.05194614,0,1669369523768000,2022-11-25 09:45:23
22599000.0,0.03668779,0,1669369523641000,2022-11-25 09:45:23
22599000.0,0.0693669,1,1669369524623000,2022-11-25 09:45:24
22599000.0,0.00044248,1,1669369525782000,2022-11-25 09:45:25
22610000.0,0.02,0,1669369529854000,2022-11-25 09:45:29
22599000.0,0.04422,1,1669369533014000,2022-11-25 09:45:33
22610000.0,0.03112529,0,1669369533492000,2022-11-25 09:45:33
22599000.0,0.00990437,1,1669369537440000,2022-11-25 09:45:37
22599000.0,0.04421,1,1669369539511000,2022-11-25 09:45:39
22599000.0,0.01849,1,1669369540440000,2022-11-25 09:45:40
22599000.0,0.08,1,1669369542783000,2022-11-25 09:45:42
22599000.0,0.05590854,1,1669369550084001,2022-11-25 09:45:50
22600000.0,0.18689146,1,1669369550084000,2022-11-25 09:45:50
22599000.0,0.00318049,1,1669369556261001,2022-11-25 09:45:56
22601000.0,0.00138906,1,1669369556261000,2022-11-25 09:45:56
22599000.0,0.00043057,1,1669369557407000,2022-11-25 09:45:57
22599000.0,0.00972884,1,1669369559988000,2022-11-25 09:45:59
22599000.0,0.00044247,1,1669369559988001,2022-11-25 09:45:59
22598000.0,0.02873922,1,1669369559988002,2022-11-25 09:45:59
22598000.0,0.37568558,1,1669369559988003,2022-11-25 09:45:59
22598000.0,0.00124506,1,1669369559988006,2022-11-25 09:45:59
22598000.0,0.0442517,1,1669369559988005,2022-11-25 09:45:59
22599000.0,0.0072922,1,1669369559988007,2022-11-25 09:45:59
22599000.0,0.0329778,1,1669369559988004,2022-11-25 09:45:59
22598000.0,0.00053097,1,1669369560583000,2022-11-25 09:46:00
22608000.0,0.00053078,0,1669369562817000,2022-11-25 09:46:02
22607000.0,0.02,1,1669369562499000,2022-11-25 09:46:02
22607000.0,0.03794455,1,1669369562387000,2022-11-25 09:46:02
22607000.0,0.03785772,1,1669369562339000,2022-11-25 09:46:02
22607000.0,0.02432236,1,1669369563218000,2022-11-25 09:46:03
22607000.0,0.02218159,1,1669369564120000,2022-11-25 09:46:04
22607000.0,0.0241416,1,1669369564040000,2022-11-25 09:46:04
22607000.0,0.02,1,1669369564498000,2022-11-25 09:46:04
22602000.0,0.01729673,1,1669369565707000,2022-11-25 09:46:05
22602000.0,0.00885854,1,1669369565757000,2022-11-25 09:46:05
22602000.0,0.0096,1,1669369566483000,2022-11-25 09:46:06
22602000.0,0.01223812,1,1669369566876000,2022-11-25 09:46:06
22602000.0,0.02171399,1,1669369567367000,2022-11-25 09:46:07
22607000.0,0.00026098,0,1669369569710000,2022-11-25 09:46:09
22607000.0,0.00026098,0,1669369569335000,2022-11-25 09:46:09
22600000.0,0.04422567,1,1669369572776000,2022-11-25 09:46:12
22600000.0,0.06085559,0,1669369573197000,2022-11-25 09:46:13
22600000.0,0.00884517,0,1669369576263000,2022-11-25 09:46:16
22599000.0,0.00881912,1,1669369578205001,2022-11-25 09:46:18
22599000.0,0.00018088,1,1669369578205000,2022-11-25 09:46:18
22600000.0,0.00044247,0,1669369582049000,2022-11-25 09:46:22
22600000.0,0.00021474,0,1669369585667000,2022-11-25 09:46:25
22600000.0,0.00044247,0,1669369585806000,2022-11-25 09:46:25
22598000.0,0.01366694,1,1669369589081004,2022-11-25 09:46:29
22599000.0,0.01094978,1,1669369589081003,2022-11-25 09:46:29
22599000.0,4.041e-05,1,1669369589081002,2022-11-25 09:46:29
22599000.0,0.00044156,1,1669369589081001,2022-11-25 09:46:29
22598000.0,0.08535949,1,1669369589081000,2022-11-25 09:46:29
22598000.0,0.02287176,1,1669369591402000,2022-11-25 09:46:31
22598000.0,0.00022131,1,1669369595318000,2022-11-25 09:46:35
22600000.0,0.00021474,0,1669369602366000,2022-11-25 09:46:42
22598000.0,0.2932,1,1669369604651000,2022-11-25 09:46:44
22598000.0,0.03987761,0,1669369608828000,2022-11-25 09:46:48
22596000.0,0.01692373,1,1669369608058000,2022-11-25 09:46:48
22598000.0,0.00221147,1,1669369608058001,2022-11-25 09:46:48
22596000.0,0.00044255,1,1669369608058002,2022-11-25 09:46:48
22598000.0,0.00042225,1,1669369608058003,2022-11-25 09:46:48
22599000.0,0.0137,1,1669369610061000,2022-11-25 09:46:50
22600000.0,0.10413227,0,1669369615107000,2022-11-25 09:46:55
22600000.0,0.04424779,0,1669369615513000,2022-11-25 09:46:55
22596000.0,0.00137718,1,1669369616811001,2022-11-25 09:46:56
22599000.0,3.282e-05,1,1669369616811000,2022-11-25 09:46:56
22600000.0,0.01499692,0,1669369617256000,2022-11-25 09:46:57
22600000.0,0.01906929,0,1669369617401000,2022-11-25 09:46:57
22600000.0,0.00022129,0,1669369617401001,2022-11-25 09:46:57
22606000.0,0.03061575,0,1669369617401002,2022-11-25 09:46:57
22600000.0,0.0095386,0,1669369617401003,2022-11-25 09:46:57
22596000.0,0.00097933,1,1669369618184000,2022-11-25 09:46:58
22595000.0,0.1619344,1,1669369618184001,2022-11-25 09:46:58
22596000.0,0.00169909,1,1669369618184002,2022-11-25 09:46:58
22596000.0,0.02227864,1,1669369618184003,2022-11-25 09:46:58
22595000.0,0.003754,1,1669369623289000,2022-11-25 09:47:03
22595000.0,0.0343116,1,1669369627893001,2022-11-25 09:47:07
22594000.0,0.00044259,1,1669369627893002,2022-11-25 09:47:07
22594000.0,0.0003,1,1669369627893003,2022-11-25 09:47:07
22594000.0,0.002881,1,1669369627893004,2022-11-25 09:47:07
22594000.0,0.03331195,1,1669369627893000,2022-11-25 09:47:07
22595000.0,0.00132772,1,1669369627893006,2022-11-25 09:47:07
22594000.0,0.0004421,1,1669369627893007,2022-11-25 09:47:07
22595000.0,0.00254264,1,1669369627893008,2022-11-25 09:47:07
22595000.0,0.0004404,1,1669369627893005,2022-11-25 09:47:07
22593000.0,0.04426149,1,1669369630975003,2022-11-25 09:47:10
22593000.0,0.001,1,1669369630975004,2022-11-25 09:47:10
22592000.0,0.003,1,1669369630975005,2022-11-25 09:47:10
22592000.0,0.00044263,1,1669369630975006,2022-11-25 09:47:10
22590000.0,0.05884808,1,1669369630975007,2022-11-25 09:47:10
22593000.0,0.00024572,1,1669369630975008,2022-11-25 09:47:10
22593000.0,0.00022135,1,1669369630975010,2022-11-25 09:47:10
22592000.0,0.0004421,1,1669369630975011,2022-11-25 09:47:10
22591000.0,0.00221216,1,1669369630975012,2022-11-25 09:47:10
22591000.0,0.00097955,1,1669369630975009,2022-11-25 09:47:10
22590000.0,0.00876925,1,1669369631922000,2022-11-25 09:47:11
22590000.0,0.01488666,1,1669369631971000,2022-11-25 09:47:11
22590000.0,0.02733434,1,1669369631874000,2022-11-25 09:47:11
22590000.0,0.05638205,1,1669369633555000,2022-11-25 09:47:13
22588000.0,0.01149588,1,1669369635949000,2022-11-25 09:47:15
22588000.0,0.10649826,1,1669369635651000,2022-11-25 09:47:15
22599000.0,0.00442498,0,1669369636501000,2022-11-25 09:47:16
22599000.0,0.05796127,1,1669369637830000,2022-11-25 09:47:17
22599000.0,0.01063696,1,1669369638563000,2022-11-25 09:47:18
22599000.0,0.0095,1,1669369638327000,2022-11-25 09:47:18
22599000.0,0.0293573,1,1669369639617000,2022-11-25 09:47:19
22599000.0,0.02956168,1,1669369639505000,2022-11-25 09:47:19
22599000.0,0.01090517,1,1669369641759000,2022-11-25 09:47:21
22599000.0,0.0146917,1,1669369641582000,2022-11-25 09:47:21
22599000.0,0.03259858,1,1669369642793000,2022-11-25 09:47:22
22591000.0,0.02140142,1,1669369642793001,2022-11-25 09:47:22
22591000.0,0.01098109,1,1669369643346000,2022-11-25 09:47:23
22600000.0,0.001,0,1669369643137000,2022-11-25 09:47:23
22588000.0,0.25075715,1,1669369647745000,2022-11-25 09:47:27
22588000.0,0.02324719,1,1669369650880001,2022-11-25 09:47:30
22590000.0,0.01536762,1,1669369650880000,2022-11-25 09:47:30
22600000.0,0.02647943,0,1669369652243001,2022-11-25 09:47:32
22599000.0,0.095,0,1669369652243000,2022-11-25 09:47:32
22591000.0,0.18309252,0,1669369655607000,2022-11-25 09:47:35
22591000.0,0.0409857,0,1669369661893000,2022-11-25 09:47:41
22591000.0,0.01813068,0,1669369661389000,2022-11-25 09:47:41
22591000.0,0.001,0,1669369662084000,2022-11-25 09:47:42
22589000.0,0.011,1,1669369664642000,2022-11-25 09:47:44
22589000.0,0.00624135,1,1669369667711000,2022-11-25 09:47:47
22589000.0,0.00597503,1,1669369670619000,2022-11-25 09:47:50
22589000.0,0.00794373,1,1669369670619001,2022-11-25 09:47:50
22589000.0,0.01275865,1,1669369670619002,2022-11-25 09:47:50
22591000.0,0.0008264,0,1669369670833000,2022-11-25 09:47:50
22589000.0,0.00586894,1,1669369674632000,2022-11-25 09:47:54
22591000.0,0.0011113,0,1669369675047000,2022-11-25 09:47:55
22591000.0,0.00900089,0,1669369675270000,2022-11-25 09:47:55
22589000.0,0.00832199,1,1669369681153001,2022-11-25 09:48:01
22589000.0,0.00095476,1,1669369681153000,2022-11-25 09:48:01
22589000.0,0.04633043,1,1669369682533000,2022-11-25 09:48:02
22589000.0,0.01232383,1,1669369682533001,2022-11-25 09:48:02
22589000.0,0.01327962,1,1669369682533002,2022-11-25 09:48:02
22589000.0,0.132808,1,1669369682608001,2022-11-25 09:48:02
22588000.0,0.32251986,1,1669369682608002,2022-11-25 09:48:02
22589000.0,0.05366957,1,1669369682608000,2022-11-25 09:48:02
22591000.0,0.02,0,1669369689124000,2022-11-25 09:48:09
22591000.0,0.04434323,0,1669369689895000,2022-11-25 09:48:09
22588000.0,0.21404657,1,1669369690428005,2022-11-25 09:48:10
22588000.0,0.22132707,1,1669369690428000,2022-11-25 09:48:10
22588000.0,0.01707759,1,1669369690428002,2022-11-25 09:48:10
22588000.0,0.00022024,1,1669369690428003,2022-11-25 09:48:10
22588000.0,0.04427129,1,1669369690428004,2022-11-25 09:48:10
22588000.0,0.00398419,1,1669369690428006,2022-11-25 09:48:10
22588000.0,0.00884983,1,1669369690428001,2022-11-25 09:48:10
22588000.0,0.0019506,1,1669369690472000,2022-11-25 09:48:10
22588000.0,0.00221707,1,1669369690059000,2022-11-25 09:48:10
22588000.0,1.16e-06,1,1669369690059001,2022-11-25 09:48:10
22588000.0,0.001,1,1669369690059002,2022-11-25 09:48:10
22588000.0,0.00320214,1,1669369690059003,2022-11-25 09:48:10
22588000.0,0.00044227,1,1669369690428007,2022-11-25 09:48:10
22588000.0,0.05315,1,1669369694829000,2022-11-25 09:48:14
22587000.0,0.15756844,1,1669369696144000,2022-11-25 09:48:16
22588000.0,0.04867488,1,1669369696144001,2022-11-25 09:48:16
22587000.0,0.00229204,1,1669369696144003,2022-11-25 09:48:16
22587000.0,0.00355829,1,1669369696144004,2022-11-25 09:48:16
22588000.0,0.67313854,1,1669369696144002,2022-11-25 09:48:16
22587000.0,0.0020324,1,1669369697098000,2022-11-25 09:48:17
22587000.0,0.03204969,1,1669369699619000,2022-11-25 09:48:19
22587000.0,0.00086743,1,1669369700731000,2022-11-25 09:48:20
22587000.0,0.00806665,1,1669369708345000,2022-11-25 09:48:28
22587000.0,0.00130142,1,1669369708345001,2022-11-25 09:48:28
22591000.0,0.00044265,0,1669369708245000,2022-11-25 09:48:28
22587000.0,0.33661537,1,1669369708345003,2022-11-25 09:48:28
22587000.0,0.13428879,1,1669369708345002,2022-11-25 09:48:28
22586000.0,0.02214867,1,1669369709299001,2022-11-25 09:48:29
22585000.0,0.00022359,1,1669369709299010,2022-11-25 09:48:29
22585000.0,0.00221385,1,1669369709299009,2022-11-25 09:48:29
22586000.0,0.11637983,1,1669369709299008,2022-11-25 09:48:29
22585000.0,0.00097981,1,1669369709299007,2022-11-25 09:48:29
22586000.0,0.00044275,1,1669369709299006,2022-11-25 09:48:29
22585000.0,0.00044325,1,1669369709299005,2022-11-25 09:48:29
22585000.0,0.00221385,1,1669369709299004,2022-11-25 09:48:29
22583000.0,0.11886924,1,1669369709299003,2022-11-25 09:48:29
22585000.0,0.00442771,1,1669369709299002,2022-11-25 09:48:29
22587000.0,0.00024345,0,1669369713333000,2022-11-25 09:48:33
22587000.0,0.03938704,0,1669369717485000,2022-11-25 09:48:37
22587000.0,0.00375158,0,1669369717026000,2022-11-25 09:48:37
22587000.0,0.01328197,0,1669369721632000,2022-11-25 09:48:41
22587000.0,0.06761776,0,1669369723511000,2022-11-25 09:48:43
22582000.0,0.09634191,1,1669369724760000,2022-11-25 09:48:44
22583000.0,0.05825514,1,1669369724719004,2022-11-25 09:48:44
22582000.0,0.00022362,1,1669369724719003,2022-11-25 09:48:44
22582000.0,0.10729685,1,1669369724719002,2022-11-25 09:48:44
22583000.0,0.0005,1,1669369724719001,2022-11-25 09:48:44
22585000.0,0.01681691,1,1669369724719000,2022-11-25 09:48:44
22582000.0,0.37256497,1,1669369729783000,2022-11-25 09:48:49
22582000.0,0.00490096,1,1669369729430000,2022-11-25 09:48:49
22580000.0,0.01723696,1,1669369732680001,2022-11-25 09:48:52
22580000.0,0.34994171,1,1669369732680002,2022-11-25 09:48:52
22582000.0,0.05089009,1,1669369732680000,2022-11-25 09:48:52
22580000.0,0.3723981,1,1669369732718000,2022-11-25 09:48:52
22582000.0,0.00039664,1,1669369732680003,2022-11-25 09:48:52
22580000.0,0.25,1,1669369737180000,2022-11-25 09:48:57
22587000.0,0.006,0,1669369740097000,2022-11-25 09:49:00
22580000.0,0.00024357,1,1669369741321002,2022-11-25 09:49:01
22580000.0,0.00183364,1,1669369741321001,2022-11-25 09:49:01
22580000.0,0.00044286,1,1669369741321000,2022-11-25 09:49:01
22579000.0,0.00221444,1,1669369753480000,2022-11-25 09:49:13
22579000.0,0.03456145,1,1669369753480001,2022-11-25 09:49:13
22579000.0,0.04428895,1,1669369756078000,2022-11-25 09:49:16
22580000.0,0.00771551,0,1669369756740002,2022-11-25 09:49:16
22580000.0,0.01795112,0,1669369756740001,2022-11-25 09:49:16
22580000.0,0.00044086,0,1669369756740000,2022-11-25 09:49:16
22579000.0,0.00098007,1,1669369757305002,2022-11-25 09:49:17
22579000.0,0.00088577,1,1669369757305000,2022-11-25 09:49:17
22579000.0,0.00893724,1,1669369757305001,2022-11-25 09:49:17
22579000.0,0.015,1,1669369757305003,2022-11-25 09:49:17
22579000.0,0.0211496,1,1669369757305007,2022-11-25 09:49:17
22579000.0,0.001,1,1669369757305005,2022-11-25 09:49:17
22578000.0,0.04498725,1,1669369757305006,2022-11-25 09:49:17
22579000.0,0.01383683,1,1669369757305004,2022-11-25 09:49:17
22579000.0,0.00221338,0,1669369762352000,2022-11-25 09:49:22
22579000.0,0.001,0,1669369771716000,2022-11-25 09:49:31
22574000.0,0.00177195,1,1669369772437000,2022-11-25 09:49:32
22574000.0,0.01659798,1,1669369772437002,2022-11-25 09:49:32
22574000.0,0.10102532,1,1669369772437003,2022-11-25 09:49:32
22574000.0,0.00885975,1,1669369772437001,2022-11-25 09:49:32
22574000.0,0.00177195,1,1669369772437005,2022-11-25 09:49:32
22578000.0,0.00137233,1,1669369772437006,2022-11-25 09:49:32
22578000.0,0.01624488,1,1669369772437007,2022-11-25 09:49:32
22578000.0,0.0087358,1,1669369772437004,2022-11-25 09:49:32
22579000.0,0.11812944,0,1669369774493001,2022-11-25 09:49:34
22579000.0,0.05656693,0,1669369774493000,2022-11-25 09:49:34
22579000.0,0.0429382,1,1669369775756000,2022-11-25 09:49:35
22574000.0,0.02853256,1,1669369781878003,2022-11-25 09:49:41
22574000.0,0.00098029,1,1669369781878002,2022-11-25 09:49:41
22574000.0,0.00024364,1,1669369781878001,2022-11-25 09:49:41
22574000.0,0.0202301,1,1669369781878000,2022-11-25 09:49:41
22578000.0,0.00876628,0,1669369782763000,2022-11-25 09:49:42
22574000.0,0.01280045,1,1669369786736000,2022-11-25 09:49:46
22574000.0,0.08219216,1,1669369786736001,2022-11-25 09:49:46
22573000.0,0.23436168,1,1669369786736003,2022-11-25 09:49:46
22574000.0,0.01135606,1,1669369786736002,2022-11-25 09:49:46
22573000.0,0.06141175,1,1669369789797000,2022-11-25 09:49:49
22573000.0,0.00268843,1,1669369796764002,2022-11-25 09:49:56
22573000.0,0.000443,1,1669369796764001,2022-11-25 09:49:56
22575000.0,0.00062015,1,1669369796764000,2022-11-25 09:49:56
22578000.0,0.00782446,0,1669369799888002,2022-11-25 09:49:59
22578000.0,0.011969,0,1669369799888001,2022-11-25 09:49:59
22578000.0,0.00533114,0,1669369799888000,2022-11-25 09:49:59
22575000.0,0.04742209,1,1669369803589000,2022-11-25 09:50:03
22573000.0,0.00044269,1,1669369805747000,2022-11-25 09:50:05
22575000.0,0.06331988,1,1669369805472000,2022-11-25 09:50:05
22573000.0,0.11627512,0,1669369809578000,2022-11-25 09:50:09
22573000.0,0.00540317,1,1669369809124000,2022-11-25 09:50:09
22575000.0,0.00186063,0,1669369810457000,2022-11-25 09:50:10
22575000.0,0.01505338,0,1669369811191000,2022-11-25 09:50:11
22574000.0,0.1008,0,1669369820183000,2022-11-25 09:50:20
22573000.0,0.08288561,1,1669369820906001,2022-11-25 09:50:20
22573000.0,0.04970747,1,1669369820906000,2022-11-25 09:50:20
22574000.0,0.02,0,1669369820527000,2022-11-25 09:50:20
22573000.0,0.02136248,1,1669369825581000,2022-11-25 09:50:25
22572000.0,0.001,1,1669369825576001,2022-11-25 09:50:25
22572000.0,0.00894001,1,1669369825576000,2022-11-25 09:50:25
22573000.0,0.00588764,0,1669369826752000,2022-11-25 09:50:26
22572000.0,0.0133285,0,1669369826752001,2022-11-25 09:50:26
22570000.0,0.00053078,1,1669369828751000,2022-11-25 09:50:28
22573000.0,0.001,0,1669369832163000,2022-11-25 09:50:32
22570000.0,0.001,1,1669369834135002,2022-11-25 09:50:34
22570000.0,0.001,1,1669369834135001,2022-11-25 09:50:34
22570000.0,0.01629257,1,1669369834135000,2022-11-25 09:50:34
22570000.0,0.0246,0,1669369834383000,2022-11-25 09:50:34
22570000.0,0.0221533,0,1669369838455000,2022-11-25 09:50:38
22570000.0,1.995e-05,0,1669369838401001,2022-11-25 09:50:38
22570000.0,0.03178005,0,1669369838401000,2022-11-25 09:50:38
22570000.0,0.23530782,0,1669369840867000,2022-11-25 09:50:40
22570000.0,0.08254174,1,1669369841727000,2022-11-25 09:50:41
22573000.0,0.11375698,0,1669369846718001,2022-11-25 09:50:46
22573000.0,0.03763871,0,1669369846718000,2022-11-25 09:50:46
22570000.0,0.00924221,1,1669369846213000,2022-11-25 09:50:46
22570000.0,0.03589865,1,1669369847294000,2022-11-25 09:50:47
22570000.0,0.04394059,1,1669369849639000,2022-11-25 09:50:49
22570000.0,0.11256431,1,1669369855968000,2022-11-25 09:50:55
22568000.0,0.00098055,1,1669369857221001,2022-11-25 09:50:57
22568000.0,0.00672425,1,1669369857221000,2022-11-25 09:50:57
22570000.0,0.0187,0,1669369865920000,2022-11-25 09:51:05
22570000.0,0.09746156,0,1669369866643000,2022-11-25 09:51:06
22569000.0,0.00545,0,1669369870461000,2022-11-25 09:51:10
22569000.0,0.06415552,0,1669369871269000,2022-11-25 09:51:11
22569000.0,0.00022154,0,1669369874611000,2022-11-25 09:51:14
22569000.0,0.04631947,0,1669369876784000,2022-11-25 09:51:16
22568000.0,0.01314122,1,1669369876416000,2022-11-25 09:51:16
22570000.0,0.00055821,0,1669369879101000,2022-11-25 09:51:19
22569000.0,0.01219533,1,1669369883406000,2022-11-25 09:51:23
22569000.0,0.42553537,1,1669369885409000,2022-11-25 09:51:25
22569000.0,0.0044287,1,1669369887565000,2022-11-25 09:51:27
22570000.0,3.08209083,0,1669369888417001,2022-11-25 09:51:28
22570000.0,0.21322512,0,1669369888417000,2022-11-25 09:51:28
22570000.0,0.009,1,1669369890197000,2022-11-25 09:51:30
22573000.0,0.05151781,0,1669369891802000,2022-11-25 09:51:31
22573000.0,0.08430496,0,1669369894417000,2022-11-25 09:51:34
22570000.0,0.01329199,1,1669369896177000,2022-11-25 09:51:36
22571000.0,0.04664207,1,1669369903907000,2022-11-25 09:51:43
22573000.0,0.02445647,0,1669369904030000,2022-11-25 09:51:44
22573000.0,0.04427856,0,1669369904431000,2022-11-25 09:51:44
22573000.0,0.0922134,0,1669369909581000,2022-11-25 09:51:49
22573000.0,0.001,0,1669369910191000,2022-11-25 09:51:50
22573000.0,0.13283572,0,1669369912640000,2022-11-25 09:51:52
22571000.0,0.0444247,1,1669369913065000,2022-11-25 09:51:53
22573000.0,0.0107824,0,1669369918661000,2022-11-25 09:51:58
22572000.0,0.00879695,1,1669369920247000,2022-11-25 09:52:00
22573000.0,0.000443,0,1669369922756000,2022-11-25 09:52:02
22573000.0,0.00265804,0,1669369922711000,2022-11-25 09:52:02
22572000.0,0.00011003,1,1669369922572002,2022-11-25 09:52:02
22572000.0,0.001,1,1669369922572001,2022-11-25 09:52:02
22571000.0,0.00087458,1,1669369922572000,2022-11-25 09:52:02
22573000.0,0.20088152,0,1669369924354000,2022-11-25 09:52:04
22572000.0,0.0009923,1,1669369927120000,2022-11-25 09:52:07
22573000.0,0.00531254,0,1669369927617000,2022-11-25 09:52:07
22573000.0,0.01990106,0,1669369934462000,2022-11-25 09:52:14
22572000.0,0.00443086,1,1669369934689000,2022-11-25 09:52:14
22573000.0,0.0962325,0,1669369934821001,2022-11-25 09:52:14
22573000.0,0.17213126,0,1669369934821002,2022-11-25 09:52:14
22573000.0,0.00787423,0,1669369934821000,2022-11-25 09:52:14
22573000.0,0.00398706,0,1669369938898000,2022-11-25 09:52:18
22573000.0,0.00467004,0,1669369938393001,2022-11-25 09:52:18
22573000.0,0.00314836,0,1669369938393000,2022-11-25 09:52:18
22575000.0,0.001,0,1669369939980000,2022-11-25 09:52:19
22573000.0,0.00881912,0,1669369939527002,2022-11-25 09:52:19
22573000.0,0.00033575,0,1669369939527001,2022-11-25 09:52:19
22573000.0,0.0213429,0,1669369939527000,2022-11-25 09:52:19
22575000.0,0.05190131,0,1669369944002000,2022-11-25 09:52:24
22575000.0,0.04427465,0,1669369945833000,2022-11-25 09:52:25
22573000.0,0.04814466,1,1669369948245000,2022-11-25 09:52:28
22573000.0,0.00627491,1,1669369950587000,2022-11-25 09:52:30
22575000.0,0.19652348,0,1669369954564000,2022-11-25 09:52:34
22575000.0,0.03,0,1669369956364000,2022-11-25 09:52:36
22575000.0,0.11063128,0,1669369958127000,2022-11-25 09:52:38
22575000.0,0.06566928,0,1669369962892000,2022-11-25 09:52:42
22575000.0,0.02703623,1,1669369965958000,2022-11-25 09:52:45
22573000.0,0.00719173,1,1669369970925000,2022-11-25 09:52:50
22573000.0,0.00725358,1,1669369970854000,2022-11-25 09:52:50
22573000.0,0.04340059,1,1669369972271002,2022-11-25 09:52:52
22573000.0,0.00121053,1,1669369972271001,2022-11-25 09:52:52
22573000.0,0.04750212,1,1669369972271000,2022-11-25 09:52:52
22575000.0,0.00899183,0,1669369974515000,2022-11-25 09:52:54
22575000.0,0.00024021,0,1669369974515001,2022-11-25 09:52:54
22578000.0,0.00148823,0,1669369975697000,2022-11-25 09:52:55
22578000.0,0.11812055,0,1669369975178000,2022-11-25 09:52:55
22575000.0,0.01996493,1,1669369978048000,2022-11-25 09:52:58
22578000.0,0.00785583,0,1669369979000000,2022-11-25 09:52:59
22580000.0,0.00315837,0,1669369979847004,2022-11-25 09:52:59
22579000.0,0.00024021,0,1669369979847003,2022-11-25 09:52:59
22578000.0,0.37253539,0,1669369979847002,2022-11-25 09:52:59
22590000.0,0.06107901,0,1669369979847001,2022-11-25 09:52:59
22587000.0,0.00567266,0,1669369979847000,2022-11-25 09:52:59
22587000.0,0.00540557,0,1669369980206000,2022-11-25 09:53:00
22573000.0,0.04427857,1,1669369981780000,2022-11-25 09:53:01
22575000.0,0.08605807,1,1669369981780001,2022-11-25 09:53:01
22579000.0,0.0442668,1,1669369981780002,2022-11-25 09:53:01
22575000.0,0.0241171,1,1669369981780003,2022-11-25 09:53:01
22573000.0,0.0025864,1,1669369981780004,2022-11-25 09:53:01
22573000.0,0.05249788,1,1669369981780005,2022-11-25 09:53:01
22575000.0,0.0005,1,1669369982620001,2022-11-25 09:53:02
22573000.0,0.03089605,1,1669369982620000,2022-11-25 09:53:02
22587000.0,0.00221804,0,1669369984031000,2022-11-25 09:53:04
22587000.0,0.001,0,1669369985862000,2022-11-25 09:53:05
22587000.0,0.05479462,0,1669369985732000,2022-11-25 09:53:05
22575000.0,0.04651456,1,1669369986776000,2022-11-25 09:53:06
22575000.0,0.06047007,0,1669369992476000,2022-11-25 09:53:12
22575000.0,0.03111575,1,1669369993352000,2022-11-25 09:53:13
22586000.0,0.00442968,0,1669369996819000,2022-11-25 09:53:16
22586000.0,0.095,0,1669369996819001,2022-11-25 09:53:16
22587000.0,0.01120256,0,1669369996819002,2022-11-25 09:53:16
22575000.0,0.0175,1,1669369997039000,2022-11-25 09:53:17
22575000.0,0.008,1,1669370003411000,2022-11-25 09:53:23
22575000.0,0.08756166,1,1669370007539000,2022-11-25 09:53:27
22575000.0,0.02158285,1,1669370008782000,2022-11-25 09:53:28
22585000.0,0.00161837,0,1669370015154000,2022-11-25 09:53:35
22576000.0,0.19925501,1,1669370016042000,2022-11-25 09:53:36
22576000.0,0.001,1,1669370018437000,2022-11-25 09:53:38
22576000.0,0.00076437,1,1669370019798000,2022-11-25 09:53:39
22577000.0,0.00047844,1,1669370028733000,2022-11-25 09:53:48
22577000.0,0.00022152,1,1669370029336000,2022-11-25 09:53:49
22584000.0,0.00442791,0,1669370033183000,2022-11-25 09:53:53
22578000.0,0.00022187,1,1669370035303000,2022-11-25 09:53:55
22584000.0,0.00885582,0,1669370037762000,2022-11-25 09:53:57
22584000.0,0.00161845,0,1669370040160000,2022-11-25 09:54:00
22584000.0,0.01771165,0,1669370047083000,2022-11-25 09:54:07
22584000.0,0.02299399,0,1669370048765000,2022-11-25 09:54:08
22578000.0,0.01924949,1,1669370048460000,2022-11-25 09:54:08
22577000.0,0.13332585,1,1669370050544003,2022-11-25 09:54:10
22578000.0,0.0247974,1,1669370050544002,2022-11-25 09:54:10
22577000.0,0.00815418,1,1669370050544001,2022-11-25 09:54:10
22578000.0,0.0110712,1,1669370050544000,2022-11-25 09:54:10
22578000.0,0.01903557,1,1669370051663002,2022-11-25 09:54:11
22577000.0,0.04039433,1,1669370051663001,2022-11-25 09:54:11
22577000.0,0.00442707,1,1669370051663004,2022-11-25 09:54:11
22576000.0,0.01034552,1,1669370051663003,2022-11-25 09:54:11
22577000.0,0.02752481,1,1669370051663000,2022-11-25 09:54:11
22578000.0,0.00982648,1,1669370055099000,2022-11-25 09:54:15
22578000.0,0.00973286,1,1669370055053000,2022-11-25 09:54:15
22578000.0,0.09588311,1,1669370056352000,2022-11-25 09:54:16
22576000.0,0.0179423,1,1669370056352001,2022-11-25 09:54:16
22577000.0,0.01692578,1,1669370056986000,2022-11-25 09:54:16
22576000.0,0.04988138,1,1669370056352002,2022-11-25 09:54:16
22584000.0,0.02276509,0,1669370058453000,2022-11-25 09:54:18
22584000.0,0.01707097,0,1669370067174000,2022-11-25 09:54:27
22584000.0,0.05569562,0,1669370067799001,2022-11-25 09:54:27
22584000.0,0.1275437,0,1669370067799000,2022-11-25 09:54:27
22576000.0,0.00947185,1,1669370070084001,2022-11-25 09:54:30
22577000.0,0.00774133,1,1669370070084000,2022-11-25 09:54:30
22584000.0,0.00039851,0,1669370071791000,2022-11-25 09:54:31
22584000.0,0.01,0,1669370071672000,2022-11-25 09:54:31
22584000.0,0.00530658,0,1669370073082000,2022-11-25 09:54:33
22584000.0,0.11133558,0,1669370073594000,2022-11-25 09:54:33
22584000.0,0.01683298,0,1669370073082001,2022-11-25 09:54:33
22584000.0,0.02122592,0,1669370076923000,2022-11-25 09:54:36
22584000.0,0.04976625,0,1669370079469001,2022-11-25 09:54:39
22584000.0,0.00022632,0,1669370079469000,2022-11-25 09:54:39
22584000.0,0.0375,1,1669370080059000,2022-11-25 09:54:40
22576000.0,0.0193889,1,1669370080972001,2022-11-25 09:54:40
22584000.0,0.0057511,1,1669370080972000,2022-11-25 09:54:40
22584000.0,0.00039851,1,1669370080819000,2022-11-25 09:54:40
22584000.0,0.0099,1,1669370080653000,2022-11-25 09:54:40
22576000.0,0.0071148,1,1669370081880000,2022-11-25 09:54:41
22576000.0,0.01733538,1,1669370083632000,2022-11-25 09:54:43
22576000.0,0.01328844,1,1669370088079000,2022-11-25 09:54:48
22576000.0,0.01080895,1,1669370088079002,2022-11-25 09:54:48
22576000.0,0.01734034,1,1669370088079001,2022-11-25 09:54:48
22584000.0,0.10556592,0,1669370088146000,2022-11-25 09:54:48
22576000.0,0.01,1,1669370088079003,2022-11-25 09:54:48
22576000.0,0.30556554,0,1669370088146001,2022-11-25 09:54:48
22584000.0,0.00305,1,1669370089430000,2022-11-25 09:54:49
22584000.0,0.0209,1,1669370090290000,2022-11-25 09:54:50
22575000.0,0.0697667,1,1669370092642001,2022-11-25 09:54:52
22584000.0,0.00310482,1,1669370092642000,2022-11-25 09:54:52
22576000.0,0.00132884,1,1669370093694000,2022-11-25 09:54:53
22576000.0,0.06665859,0,1669370102847001,2022-11-25 09:55:02
22576000.0,4.06e-05,0,1669370102847000,2022-11-25 09:55:02
22576000.0,0.00265781,1,1669370106892000,2022-11-25 09:55:06
22576000.0,0.02087629,1,1669370106846000,2022-11-25 09:55:06
22585000.0,0.08002236,0,1669370112300000,2022-11-25 09:55:12
22584000.0,0.04606362,0,1669370112300001,2022-11-25 09:55:12
22584000.0,0.0076917,0,1669370115861000,2022-11-25 09:55:15
22584000.0,0.03461687,0,1669370116676000,2022-11-25 09:55:16
22584000.0,0.17990446,0,1669370118027000,2022-11-25 09:55:18
22576000.0,0.00841083,1,1669370121472000,2022-11-25 09:55:21
22554000.0,0.001,1,1669370122660087,2022-11-25 09:55:22
22557000.0,0.00894596,1,1669370122660092,2022-11-25 09:55:22
22554000.0,0.0022169,1,1669370122660091,2022-11-25 09:55:22
22555000.0,0.00022172,1,1669370122660090,2022-11-25 09:55:22
22554000.0,0.33,1,1669370122660089,2022-11-25 09:55:22
22550000.0,0.00443458,1,1669370122660088,2022-11-25 09:55:22
22554000.0,0.2,1,1669370122660086,2022-11-25 09:55:22
22553000.0,0.00838205,1,1669370123083001,2022-11-25 09:55:23
22553000.0,0.00840707,1,1669370123083000,2022-11-25 09:55:23
22553000.0,0.00846438,1,1669370123014000,2022-11-25 09:55:23
22567000.0,0.00029621,1,1669370130511000,2022-11-25 09:55:30
22550000.0,0.02907161,1,1669370131332000,2022-11-25 09:55:31
22561000.0,0.00655811,0,1669370131128000,2022-11-25 09:55:31
22561000.0,0.066,0,1669370135032000,2022-11-25 09:55:35
22558000.0,0.0259,0,1669370135265000,2022-11-25 09:55:35
22561000.0,0.06092272,0,1669370137075001,2022-11-25 09:55:37
22558000.0,7.728e-05,0,1669370137075000,2022-11-25 09:55:37
22553000.0,0.00027016,1,1669370139967001,2022-11-25 09:55:39
22553000.0,0.00389271,1,1669370139967000,2022-11-25 09:55:39
22561000.0,0.079,0,1669370140065000,2022-11-25 09:55:40
22553000.0,0.12737047,1,1669370140991000,2022-11-25 09:55:40
22561000.0,0.167,0,1669370141369000,2022-11-25 09:55:41
22561000.0,0.01275444,0,1669370141081000,2022-11-25 09:55:41
22561000.0,0.00374987,0,1669370142962000,2022-11-25 09:55:42
22561000.0,0.00354994,0,1669370144790000,2022-11-25 09:55:44
22561000.0,0.03360847,0,1669370144268000,2022-11-25 09:55:44
22553000.0,0.00409142,1,1669370147448003,2022-11-25 09:55:47
22553000.0,0.01311147,1,1669370147448002,2022-11-25 09:55:47
22553000.0,0.01364841,1,1669370147448001,2022-11-25 09:55:47
22553000.0,0.00886799,1,1669370147448000,2022-11-25 09:55:47
22561000.0,0.02794355,0,1669370151546001,2022-11-25 09:55:51
22561000.0,0.06685645,0,1669370151546000,2022-11-25 09:55:51
22555000.0,0.01722623,1,1669370152833000,2022-11-25 09:55:52
22555000.0,0.001,1,1669370153691000,2022-11-25 09:55:53
22554000.0,0.01154191,1,1669370157282000,2022-11-25 09:55:57
22561000.0,0.06551682,0,1669370157879000,2022-11-25 09:55:57
22555000.0,0.1080917,1,1669370157282001,2022-11-25 09:55:57
22561000.0,0.00138155,0,1669370157879002,2022-11-25 09:55:57
22560000.0,0.01060163,0,1669370157879001,2022-11-25 09:55:57
22555000.0,0.025,0,1669370158943001,2022-11-25 09:55:58
22555000.0,0.025,0,1669370158943000,2022-11-25 09:55:58
22555000.0,0.0306,0,1669370158890000,2022-11-25 09:55:58
22554000.0,0.00725254,1,1669370158640003,2022-11-25 09:55:58
22555000.0,0.00439979,1,1669370158640002,2022-11-25 09:55:58
22554000.0,0.001,1,1669370158640001,2022-11-25 09:55:58
22554000.0,0.00397574,1,1669370158640000,2022-11-25 09:55:58
22554000.0,0.14760753,1,1669370159956000,2022-11-25 09:55:59
22552000.0,0.001,1,1669370161914007,2022-11-25 09:56:01
22550000.0,0.001,1,1669370161914001,2022-11-25 09:56:01
22550000.0,0.01527428,1,1669370161914002,2022-11-25 09:56:01
22553000.0,0.0867,1,1669370161914003,2022-11-25 09:56:01
22551000.0,0.0002226,1,1669370161914004,2022-11-25 09:56:01
22553000.0,0.00432504,1,1669370161914009,2022-11-25 09:56:01
22552000.0,0.02111457,1,1669370161914006,2022-11-25 09:56:01
22550000.0,0.07254584,1,1669370161914008,2022-11-25 09:56:01
22553000.0,0.06665988,1,1669370161914010,2022-11-25 09:56:01
22553000.0,0.0022165,1,1669370161914005,2022-11-25 09:56:01
22554000.0,0.084,0,1669370163885000,2022-11-25 09:56:03
22554000.0,0.02308662,0,1669370163636000,2022-11-25 09:56:03
22554000.0,0.0353,0,1669370164895000,2022-11-25 09:56:04
22554000.0,0.0194,0,1669370166907000,2022-11-25 09:56:06
22555000.0,0.0194,0,1669370168692000,2022-11-25 09:56:08
22554000.0,0.00757675,0,1669370168692001,2022-11-25 09:56:08
22557000.0,0.03066515,1,1669370169480000,2022-11-25 09:56:09
22557000.0,0.00022174,1,1669370171402000,2022-11-25 09:56:11
22557000.0,0.02014873,1,1669370171665000,2022-11-25 09:56:11
22557000.0,0.00724508,1,1669370171184000,2022-11-25 09:56:11
22557000.0,0.00026152,0,1669370172171000,2022-11-25 09:56:12
22557000.0,0.00026152,0,1669370172125000,2022-11-25 09:56:12
22560000.0,0.00022171,0,1669370172816001,2022-11-25 09:56:12
22557000.0,0.00635564,0,1669370172816000,2022-11-25 09:56:12
22560000.0,0.13284678,1,1669370174924000,2022-11-25 09:56:14
22567000.0,0.00336763,0,1669370175857003,2022-11-25 09:56:15
22561000.0,0.00022178,0,1669370175857002,2022-11-25 09:56:15
22561000.0,0.11544245,0,1669370175857001,2022-11-25 09:56:15
22561000.0,0.0004672,0,1669370175857000,2022-11-25 09:56:15
22560000.0,0.03986043,0,1669370178724000,2022-11-25 09:56:18
22560000.0,0.0845749,1,1669370178586000,2022-11-25 09:56:18
22561000.0,0.0132871,0,1669370178318000,2022-11-25 09:56:18
22560000.0,0.06645613,0,1669370180562000,2022-11-25 09:56:20
22550000.0,0.12690773,1,1669370180729000,2022-11-25 09:56:20
22551000.0,0.01977158,1,1669370180729001,2022-11-25 09:56:20
22557000.0,0.00994962,1,1669370182159000,2022-11-25 09:56:22
22560000.0,0.0665,0,1669370182087000,2022-11-25 09:56:22
22560000.0,0.08249576,0,1669370182933000,2022-11-25 09:56:22
22551000.0,0.17385814,0,1669370182347000,2022-11-25 09:56:22
22551000.0,0.0325,0,1669370182296000,2022-11-25 09:56:22
22561000.0,0.01952602,0,1669370191595001,2022-11-25 09:56:31
22560000.0,0.00177643,0,1669370191595000,2022-11-25 09:56:31
22560000.0,0.00022167,0,1669370193626000,2022-11-25 09:56:33
22560000.0,4.89e-06,0,1669370196865000,2022-11-25 09:56:36
22560000.0,0.02500306,1,1669370197985000,2022-11-25 09:56:37
22560000.0,0.04461343,1,1669370197227000,2022-11-25 09:56:37
22551000.0,0.001,1,1669370198248000,2022-11-25 09:56:38
22560000.0,0.0099,0,1669370199552000,2022-11-25 09:56:39
22551000.0,0.00829386,1,1669370200087000,2022-11-25 09:56:40
22551000.0,0.00981417,1,1669370200014000,2022-11-25 09:56:40
22560000.0,0.0236283,0,1669370201725000,2022-11-25 09:56:41
22551000.0,0.0429477,1,1669370202197000,2022-11-25 09:56:42
22551000.0,0.00443439,1,1669370203683003,2022-11-25 09:56:43
22551000.0,0.01721204,1,1669370203683002,2022-11-25 09:56:43
22551000.0,0.07481171,1,1669370203683001,2022-11-25 09:56:43
22551000.0,0.02662426,1,1669370203683000,2022-11-25 09:56:43
22551000.0,0.00718995,1,1669370206963000,2022-11-25 09:56:46
22551000.0,0.01969339,1,1669370206589001,2022-11-25 09:56:46
22551000.0,0.06701387,1,1669370206589000,2022-11-25 09:56:46
22551000.0,0.00022177,1,1669370211219000,2022-11-25 09:56:51
22551000.0,0.01058723,1,1669370212366001,2022-11-25 09:56:52
22551000.0,0.10897487,1,1669370212366000,2022-11-25 09:56:52
22551000.0,0.03672661,1,1669370216909000,2022-11-25 09:56:56
22551000.0,0.003001,1,1669370216909001,2022-11-25 09:56:56
22551000.0,0.02165768,1,1669370217749002,2022-11-25 09:56:57
22551000.0,0.01329787,1,1669370217749001,2022-11-25 09:56:57
22551000.0,0.0129625,1,1669370217749000,2022-11-25 09:56:57
22560000.0,0.001,0,1669370217313000,2022-11-25 09:56:57
22551000.0,0.00973374,1,1669370219115000,2022-11-25 09:56:59
22561000.0,0.00804784,0,1669370220908001,2022-11-25 09:57:00
22560000.0,0.03958841,0,1669370220908000,2022-11-25 09:57:00
22561000.0,0.04747628,0,1669370223692001,2022-11-25 09:57:03
22567000.0,0.00014576,0,1669370223692002,2022-11-25 09:57:03
22567000.0,0.00863173,0,1669370223692000,2022-11-25 09:57:03
22561000.0,0.00109896,0,1669370223310000,2022-11-25 09:57:03
22561000.0,0.00024623,0,1669370223692003,2022-11-25 09:57:03
22551000.0,0.0107,0,1669370223889000,2022-11-25 09:57:03
22551000.0,0.01891068,1,1669370223782001,2022-11-25 09:57:03
22550000.0,0.02859884,1,1669370223824000,2022-11-25 09:57:03
22551000.0,0.04395836,0,1669370223937000,2022-11-25 09:57:03
22551000.0,0.00930757,1,1669370223782000,2022-11-25 09:57:03
22551000.0,0.25063079,0,1669370224412000,2022-11-25 09:57:04
22551000.0,0.04415,0,1669370225233000,2022-11-25 09:57:05
22551000.0,0.00053212,0,1669370225818000,2022-11-25 09:57:05
22551000.0,0.00245,0,1669370225464000,2022-11-25 09:57:05
22551000.0,0.0153,0,1669370226439000,2022-11-25 09:57:06
22551000.0,0.00617,0,1669370227265000,2022-11-25 09:57:07
22551000.0,0.58768044,0,1669370227623000,2022-11-25 09:57:07
22551000.0,0.023,0,1669370228527000,2022-11-25 09:57:08
22551000.0,0.00443262,0,1669370228461000,2022-11-25 09:57:08
22551000.0,0.01142929,0,1669370228178000,2022-11-25 09:57:08
22566000.0,0.15625041,0,1669370229424002,2022-11-25 09:57:09
22561000.0,0.00044325,0,1669370229424001,2022-11-25 09:57:09
22551000.0,0.02353239,0,1669370229424000,2022-11-25 09:57:09
22566000.0,0.00125528,0,1669370230198000,2022-11-25 09:57:10
22567000.0,0.0253549,0,1669370232772000,2022-11-25 09:57:12
22567000.0,0.00708043,0,1669370233967000,2022-11-25 09:57:13
22567000.0,0.00022659,0,1669370234059001,2022-11-25 09:57:14
22567000.0,0.00569459,0,1669370234059000,2022-11-25 09:57:14
22569000.0,0.07669403,0,1669370234059002,2022-11-25 09:57:14
22551000.0,0.0138,0,1669370235037000,2022-11-25 09:57:15
22551000.0,0.02545011,0,1669370235077000,2022-11-25 09:57:15
22569000.0,0.07196747,0,1669370236307000,2022-11-25 09:57:16
22569000.0,0.3513385,0,1669370239873001,2022-11-25 09:57:19
22562000.0,0.00488,0,1669370240659000,2022-11-25 09:57:20
22550000.0,0.04434589,1,1669370240030001,2022-11-25 09:57:20
22550000.0,0.00443439,1,1669370240030002,2022-11-25 09:57:20
22549000.0,0.00044347,1,1669370240030003,2022-11-25 09:57:20
22550000.0,0.58691802,1,1669370240030000,2022-11-25 09:57:20
22549000.0,0.00022617,1,1669370240030005,2022-11-25 09:57:20
22549000.0,0.00443478,1,1669370240030006,2022-11-25 09:57:20
22549000.0,0.00894913,1,1669370240030007,2022-11-25 09:57:20
22549000.0,0.0141,1,1669370240030008,2022-11-25 09:57:20
22548000.0,0.05466031,1,1669370240030004,2022-11-25 09:57:20
22554000.0,0.02767085,1,1669370244790000,2022-11-25 09:57:24
22554000.0,0.13072199,1,1669370247479000,2022-11-25 09:57:27
22560000.0,0.00668,0,1669370249875001,2022-11-25 09:57:29
22562000.0,0.07086742,0,1669370249875000,2022-11-25 09:57:29
22555000.0,0.03961645,1,1669370257890000,2022-11-25 09:57:37
22555000.0,0.0492,0,1669370260355000,2022-11-25 09:57:40
22554000.0,0.02326795,1,1669370262959000,2022-11-25 09:57:42
22555000.0,0.4252872,0,1669370264373001,2022-11-25 09:57:44
22555000.0,8.672e-05,0,1669370264373000,2022-11-25 09:57:44
22555000.0,0.00171633,0,1669370272629000,2022-11-25 09:57:52
22555000.0,0.09389414,0,1669370272629001,2022-11-25 09:57:52
22555000.0,0.1102258,0,1669370272001000,2022-11-25 09:57:52
22555000.0,0.00354688,0,1669370272629002,2022-11-25 09:57:52
22555000.0,0.00696753,1,1669370276476000,2022-11-25 09:57:56
22562000.0,0.04432231,0,1669370278931000,2022-11-25 09:57:58
22562000.0,0.00782705,0,1669370278344000,2022-11-25 09:57:58
22555000.0,0.01513213,1,1669370279612000,2022-11-25 09:57:59
22555000.0,0.01501908,1,1669370279559000,2022-11-25 09:57:59
22555000.0,0.00022173,1,1669370280436000,2022-11-25 09:58:00
22562000.0,0.095,0,1669370282957000,2022-11-25 09:58:02
22555000.0,0.12707569,1,1669370288379001,2022-11-25 09:58:08
22556000.0,0.00172816,1,1669370288379000,2022-11-25 09:58:08
22555000.0,0.013,1,1669370290966000,2022-11-25 09:58:10
22562000.0,0.00797402,0,1669370292820000,2022-11-25 09:58:12
22555000.0,0.0022168,1,1669370294915001,2022-11-25 09:58:14
22555000.0,0.38628552,1,1669370294915000,2022-11-25 09:58:14
22555000.0,0.42646811,0,1669370295022000,2022-11-25 09:58:15
22555000.0,0.00059893,1,1669370297326000,2022-11-25 09:58:17
22555000.0,0.04054277,1,1669370298049000,2022-11-25 09:58:18
22561000.0,0.00881816,0,1669370300062000,2022-11-25 09:58:20
22561000.0,0.04651906,0,1669370301697000,2022-11-25 09:58:21
22556000.0,0.00048094,1,1669370303627000,2022-11-25 09:58:23
22556000.0,0.00489235,1,1669370304421000,2022-11-25 09:58:24
22561000.0,0.38573546,0,1669370306397000,2022-11-25 09:58:26
22561000.0,0.00350115,1,1669370312091000,2022-11-25 09:58:32
22561000.0,0.04107812,1,1669370313388000,2022-11-25 09:58:33
22557000.0,0.06302926,1,1669370315365000,2022-11-25 09:58:35
22561000.0,0.13984579,0,1669370315506000,2022-11-25 09:58:35
22557000.0,0.1102258,1,1669370317216000,2022-11-25 09:58:37
22561000.0,0.068113,0,1669370317959000,2022-11-25 09:58:37
22557000.0,0.01721204,1,1669370318370000,2022-11-25 09:58:38
22569000.0,0.02350956,0,1669370323281006,2022-11-25 09:58:43
22562000.0,0.0132967,0,1669370323281005,2022-11-25 09:58:43
22561000.0,0.04330807,0,1669370323281004,2022-11-25 09:58:43
22566000.0,0.00056974,0,1669370323281003,2022-11-25 09:58:43
22562000.0,0.00022205,0,1669370323281002,2022-11-25 09:58:43
22561000.0,0.00159388,0,1669370323281001,2022-11-25 09:58:43
22562000.0,0.0005,0,1669370323281000,2022-11-25 09:58:43
22561000.0,0.0003,1,1669370325201000,2022-11-25 09:58:45
22561000.0,0.02176769,0,1669370328298000,2022-11-25 09:58:48
22561000.0,0.08655152,0,1669370328135000,2022-11-25 09:58:48
22561000.0,0.00960901,0,1669370329425000,2022-11-25 09:58:49
22561000.0,0.16814001,0,1669370330938000,2022-11-25 09:58:50
22561000.0,0.0116,0,1669370333651000,2022-11-25 09:58:53
22558000.0,0.00744301,1,1669370334634001,2022-11-25 09:58:54
22558000.0,0.00031917,1,1669370334634000,2022-11-25 09:58:54
22561000.0,0.20633464,0,1669370334405000,2022-11-25 09:58:54
22561000.0,0.19672908,0,1669370336024000,2022-11-25 09:58:56
22561000.0,0.12294295,0,1669370337037000,2022-11-25 09:58:57
22561000.0,0.00572764,0,1669370337756000,2022-11-25 09:58:57
22558000.0,0.03148797,1,1669370338525000,2022-11-25 09:58:58
22561000.0,0.00624285,0,1669370340172000,2022-11-25 09:59:00
22561000.0,0.00491,0,1669370342428000,2022-11-25 09:59:02
22561000.0,0.00720557,0,1669370347398000,2022-11-25 09:59:07
22558000.0,0.06382622,1,1669370348664000,2022-11-25 09:59:08
22558000.0,0.01055237,1,1669370348664001,2022-11-25 09:59:08
22561000.0,0.00501,0,1669370353452000,2022-11-25 09:59:13
22561000.0,0.0071878,0,1669370354809000,2022-11-25 09:59:14
22561000.0,0.03677271,0,1669370356409000,2022-11-25 09:59:16
22561000.0,0.00992221,0,1669370357860000,2022-11-25 09:59:17
22559000.0,0.00498353,1,1669370358957000,2022-11-25 09:59:18
22561000.0,0.00992221,0,1669370358656000,2022-11-25 09:59:18
22559000.0,0.03187998,1,1669370359063000,2022-11-25 09:59:19
22561000.0,0.00044324,0,1669370363146000,2022-11-25 09:59:23
22561000.0,0.04233737,0,1669370363606000,2022-11-25 09:59:23
22561000.0,0.02936186,0,1669370368035001,2022-11-25 09:59:28
22561000.0,0.18961115,0,1669370368035000,2022-11-25 09:59:28
22561000.0,0.00315172,0,1669370369782000,2022-11-25 09:59:29
22561000.0,0.01538349,0,1669370369782001,2022-11-25 09:59:29
22559000.0,0.03269073,1,1669370369963002,2022-11-25 09:59:29
22559000.0,0.00555448,1,1669370369963001,2022-11-25 09:59:29
22559000.0,0.02215302,1,1669370369963000,2022-11-25 09:59:29
22561000.0,0.01150357,0,1669370371052000,2022-11-25 09:59:31
22561000.0,0.02061278,1,1669370372087000,2022-11-25 09:59:32
22569000.0,0.11535659,0,1669370372028000,2022-11-25 09:59:32
22561000.0,0.01788365,1,1669370372836000,2022-11-25 09:59:32
22559000.0,0.0020586,1,1669370373653000,2022-11-25 09:59:33
22569000.0,0.01543683,0,1669370378722000,2022-11-25 09:59:38
22569000.0,0.00515023,0,1669370381425000,2022-11-25 09:59:41
22561000.0,0.00023785,1,1669370381915000,2022-11-25 09:59:41
22569000.0,0.02148719,0,1669370388526000,2022-11-25 09:59:48
22569000.0,0.06482084,0,1669370388526001,2022-11-25 09:59:48
22560000.0,0.0005,1,1669370391039006,2022-11-25 09:59:51
22561000.0,0.04927428,1,1669370391039005,2022-11-25 09:59:51
22561000.0,0.12840311,1,1669370391039004,2022-11-25 09:59:51
22559000.0,0.25056598,1,1669370391039003,2022-11-25 09:59:51
22559000.0,0.43760957,1,1669370391039002,2022-11-25 09:59:51
22559000.0,0.00221641,1,1669370391039001,2022-11-25 09:59:51
22559000.0,0.01131301,1,1669370391039000,2022-11-25 09:59:51
22569000.0,0.03193176,0,1669370393117000,2022-11-25 09:59:53
22569000.0,0.00189707,0,1669370393871000,2022-11-25 09:59:53
22569000.0,0.03074699,0,1669370397431000,2022-11-25 09:59:57
22569000.0,0.02607401,0,1669370397469001,2022-11-25 09:59:57
22569000.0,0.00898252,0,1669370397469000,2022-11-25 09:59:57
22561000.0,0.00265883,1,1669370398177000,2022-11-25 09:59:58
22561000.0,0.00997794,1,1669370400478001,2022-11-25 10:00:00
22561000.0,0.04166544,1,1669370400478000,2022-11-25 10:00:00
22561000.0,0.00795,0,1669370401243000,2022-11-25 10:00:01
22561000.0,0.01564,0,1669370402147000,2022-11-25 10:00:02
22561000.0,0.00022162,0,1669370402427000,2022-11-25 10:00:02
22561000.0,0.01175,0,1669370403132000,2022-11-25 10:00:03
22561000.0,0.03471142,0,1669370403992000,2022-11-25 10:00:03
22561000.0,0.00022162,0,1669370404352000,2022-11-25 10:00:04
22561000.0,0.04411,0,1669370404113000,2022-11-25 10:00:04
22561000.0,0.05,0,1669370404057000,2022-11-25 10:00:04
22561000.0,0.04407,0,1669370405077000,2022-11-25 10:00:05
22561000.0,0.00486,0,1669370406050000,2022-11-25 10:00:06
22560000.0,0.00221289,1,1669370406601001,2022-11-25 10:00:06
22560000.0,0.00066489,1,1669370406601000,2022-11-25 10:00:06
22561000.0,0.0212,0,1669370407268000,2022-11-25 10:00:07
22561000.0,0.02592,0,1669370407166000,2022-11-25 10:00:07
22561000.0,0.00141837,0,1669370407951000,2022-11-25 10:00:07
22561000.0,0.02793,0,1669370408729000,2022-11-25 10:00:08
22561000.0,0.00022167,0,1669370410394001,2022-11-25 10:00:10
22561000.0,0.02414269,0,1669370410394000,2022-11-25 10:00:10
22569000.0,0.00035575,0,1669370413698001,2022-11-25 10:00:13
22569000.0,0.02904425,0,1669370413698000,2022-11-25 10:00:13
22570000.0,0.00521266,0,1669370414082001,2022-11-25 10:00:14
22569000.0,8.734e-05,0,1669370414082000,2022-11-25 10:00:14
22570000.0,0.18743797,0,1669370415874000,2022-11-25 10:00:15
22570000.0,0.0044512,0,1669370416407000,2022-11-25 10:00:16
22570000.0,0.07536357,1,1669370419897000,2022-11-25 10:00:19
22570000.0,0.17482998,0,1669370419401000,2022-11-25 10:00:19
22561000.0,0.03101962,1,1669370419897001,2022-11-25 10:00:19
22561000.0,0.05940559,1,1669370420573001,2022-11-25 10:00:20
22561000.0,0.05994309,1,1669370420573000,2022-11-25 10:00:20
22570000.0,0.00022172,0,1669370421079000,2022-11-25 10:00:21
22570000.0,0.00117822,1,1669370423032000,2022-11-25 10:00:23
22572000.0,0.01324421,0,1669370423870001,2022-11-25 10:00:23
22571000.0,0.00294708,0,1669370423870000,2022-11-25 10:00:23
22570000.0,0.00147207,1,1669370428418000,2022-11-25 10:00:28
22572000.0,4.66e-05,0,1669370428039003,2022-11-25 10:00:28
22573000.0,0.00028786,0,1669370428039002,2022-11-25 10:00:28
22581000.0,0.02180816,0,1669370428039001,2022-11-25 10:00:28
22572000.0,0.00443027,0,1669370428039000,2022-11-25 10:00:28
22570000.0,0.02894001,1,1669370430179000,2022-11-25 10:00:30
22570000.0,0.03917023,1,1669370430179001,2022-11-25 10:00:30
22561000.0,0.01628912,1,1669370431159001,2022-11-25 10:00:31
22570000.0,0.04558754,1,1669370431159000,2022-11-25 10:00:31
22572000.0,0.00044303,0,1669370431759000,2022-11-25 10:00:31
