trade_price,trade_volume,ask_bid,sequential_id,timestamp
22666000.0,0.00220604,1,1669411765455001,2022-11-25 21:29:25
22665000.0,0.01100594,1,1669411771092002,2022-11-25 21:29:31
22665000.0,0.08346527,1,1669411771092001,2022-11-25 21:29:31
22666000.0,0.01781928,1,1669411771092000,2022-11-25 21:29:31
22666000.0,0.01303597,1,1669411780934000,2022-11-25 21:29:40
22680000.0,0.00022045,0,1669411803315000,2022-11-25 21:30:03
22680000.0,0.03672903,0,1669411807111000,2022-11-25 21:30:07
22680000.0,0.06035668,0,1669411813507002,2022-11-25 21:30:13
22683000.0,0.21344911,0,1669411813507001,2022-11-25 21:30:13
22680000.0,0.00118193,0,1669411813507000,2022-11-25 21:30:13
22666000.0,0.00132362,1,1669411821297000,2022-11-25 21:30:21
22666000.0,0.00453998,1,1669411821297001,2022-11-25 21:30:21
22667000.0,0.06325287,0,1669411821122000,2022-11-25 21:30:21
22666000.0,0.00882378,1,1669411827094000,2022-11-25 21:30:27
22666000.0,0.0032628,1,1669411829552001,2022-11-25 21:30:29
22666000.0,0.00271156,1,1669411829552000,2022-11-25 21:30:29
22666000.0,0.00598415,1,1669411829421000,2022-11-25 21:30:29
22666000.0,0.00522075,1,1669411833654000,2022-11-25 21:30:33
22666000.0,0.00044091,1,1669411838353000,2022-11-25 21:30:38
22666000.0,0.00592321,1,1669411840486000,2022-11-25 21:30:40
22666000.0,0.00607554,1,1669411840425001,2022-11-25 21:30:40
22666000.0,0.00302699,1,1669411840425000,2022-11-25 21:30:40
22666000.0,0.00472318,1,1669411842049000,2022-11-25 21:30:42
22666000.0,0.00664268,1,1669411845468000,2022-11-25 21:30:45
22679000.0,0.00044093,0,1669411847655000,2022-11-25 21:30:47
22666000.0,0.08666849,1,1669411852008000,2022-11-25 21:30:52
22666000.0,0.00044093,1,1669411861323000,2022-11-25 21:31:01
22666000.0,0.08485613,1,1669411862201001,2022-11-25 21:31:02
22666000.0,0.15728818,1,1669411862201000,2022-11-25 21:31:02
22680000.0,0.00044091,0,1669411862412000,2022-11-25 21:31:02
22680000.0,0.00022059,0,1669411866467000,2022-11-25 21:31:06
22666000.0,0.00603607,1,1669411869909000,2022-11-25 21:31:09
22680000.0,0.00061922,0,1669411882693000,2022-11-25 21:31:22
22680000.0,0.00906546,0,1669411891087000,2022-11-25 21:31:31
22680000.0,0.00179982,0,1669411892845000,2022-11-25 21:31:32
22667000.0,0.05184754,1,1669411900100000,2022-11-25 21:31:40
22680000.0,0.01266147,0,1669411901770000,2022-11-25 21:31:41
22680000.0,0.00396825,1,1669411903306000,2022-11-25 21:31:43
22680000.0,0.02746199,1,1669411908187000,2022-11-25 21:31:48
22680000.0,0.11904761,0,1669411931035000,2022-11-25 21:32:11
22667000.0,0.00044091,1,1669411956531000,2022-11-25 21:32:36
22667000.0,0.00400995,1,1669411965336000,2022-11-25 21:32:45
22667000.0,0.01201442,1,1669411982766001,2022-11-25 21:33:02
22667000.0,0.03316809,1,1669411982766000,2022-11-25 21:33:02
22667000.0,0.00441169,1,1669411990941001,2022-11-25 21:33:10
22667000.0,0.01043354,1,1669411990941000,2022-11-25 21:33:10
22666000.0,0.02526597,1,1669411994237000,2022-11-25 21:33:14
22667000.0,0.04411699,0,1669411999240000,2022-11-25 21:33:19
22667000.0,0.01102924,0,1669412004121000,2022-11-25 21:33:24
22667000.0,8.54e-06,0,1669412005465000,2022-11-25 21:33:25
22667000.0,0.03869491,1,1669412010087000,2022-11-25 21:33:30
22677000.0,0.00099865,1,1669412029857000,2022-11-25 21:33:49
22677000.0,0.00707668,1,1669412038886000,2022-11-25 21:33:58
22667000.0,0.06033533,1,1669412052463000,2022-11-25 21:34:12
22677000.0,0.00044097,0,1669412060751000,2022-11-25 21:34:20
22677000.0,0.01773853,0,1669412066982000,2022-11-25 21:34:26
22677000.0,0.22079892,0,1669412067053000,2022-11-25 21:34:27
22677000.0,0.00044472,0,1669412077764000,2022-11-25 21:34:37
22673000.0,0.00440612,0,1669412100145000,2022-11-25 21:35:00
22668000.0,0.026,1,1669412104126000,2022-11-25 21:35:04
22668000.0,0.00070823,1,1669412107828000,2022-11-25 21:35:07
22668000.0,0.005842,1,1669412111923000,2022-11-25 21:35:11
22668000.0,0.00218317,1,1669412121337001,2022-11-25 21:35:21
22668000.0,0.02855801,1,1669412121337000,2022-11-25 21:35:21
22668000.0,0.03131779,0,1669412123164000,2022-11-25 21:35:23
22668000.0,0.07976043,0,1669412133839001,2022-11-25 21:35:33
22668000.0,0.05772548,0,1669412133839000,2022-11-25 21:35:33
22668000.0,0.0220465,0,1669412134774000,2022-11-25 21:35:34
22668000.0,0.00432415,0,1669412137626000,2022-11-25 21:35:37
22668000.0,0.02203547,0,1669412137334000,2022-11-25 21:35:37
22668000.0,0.0008823,1,1669412147926000,2022-11-25 21:35:47
22668000.0,8.735e-05,1,1669412147926001,2022-11-25 21:35:47
22667000.0,0.03389708,1,1669412153899000,2022-11-25 21:35:53
22667000.0,0.04279446,1,1669412153804000,2022-11-25 21:35:53
22668000.0,0.01384538,0,1669412162052000,2022-11-25 21:36:02
22673000.0,0.09847691,0,1669412163793001,2022-11-25 21:36:03
22668000.0,0.03211421,0,1669412163793000,2022-11-25 21:36:03
22673000.0,0.00044105,0,1669412167289000,2022-11-25 21:36:07
22673000.0,0.00026022,0,1669412170631000,2022-11-25 21:36:10
22673000.0,0.00026022,0,1669412171327000,2022-11-25 21:36:11
22673000.0,0.03817347,0,1669412188555000,2022-11-25 21:36:28
22672000.0,0.00794394,1,1669412189547000,2022-11-25 21:36:29
22670000.0,0.04408328,0,1669412191010000,2022-11-25 21:36:31
22669000.0,0.00121734,0,1669412216056000,2022-11-25 21:36:56
22669000.0,0.06992383,0,1669412232281000,2022-11-25 21:37:12
22669000.0,0.1854167,0,1669412247883000,2022-11-25 21:37:27
22669000.0,0.00088226,0,1669412256525000,2022-11-25 21:37:36
22669000.0,0.00022488,0,1669412259686000,2022-11-25 21:37:39
22668000.0,0.001,1,1669412261065001,2022-11-25 21:37:41
22668000.0,0.025,1,1669412261065000,2022-11-25 21:37:41
22669000.0,0.00193548,0,1669412262439000,2022-11-25 21:37:42
22670000.0,0.00022055,0,1669412269069000,2022-11-25 21:37:49
22669000.0,0.03652765,1,1669412288425000,2022-11-25 21:38:08
22670000.0,0.00910012,0,1669412293447000,2022-11-25 21:38:13
22669000.0,0.025,1,1669412306498000,2022-11-25 21:38:26
22669000.0,0.00112555,1,1669412313307000,2022-11-25 21:38:33
22669000.0,0.00056278,1,1669412317620000,2022-11-25 21:38:37
22669000.0,0.00491768,1,1669412337291000,2022-11-25 21:38:57
22670000.0,0.0168228,0,1669412361572000,2022-11-25 21:39:21
22670000.0,0.02,0,1669412364949000,2022-11-25 21:39:24
22669000.0,0.02427398,1,1669412384925002,2022-11-25 21:39:44
22669000.0,0.0441131,1,1669412384925001,2022-11-25 21:39:44
22669000.0,0.06220404,1,1669412384925000,2022-11-25 21:39:44
22669000.0,0.01983912,1,1669412392310001,2022-11-25 21:39:52
22669000.0,0.00440891,1,1669412392310002,2022-11-25 21:39:52
22669000.0,0.00505078,1,1669412392310000,2022-11-25 21:39:52
22669000.0,0.018,1,1669412392310004,2022-11-25 21:39:52
22669000.0,0.01120618,1,1669412392310003,2022-11-25 21:39:52
22670000.0,0.00144175,0,1669412405054000,2022-11-25 21:40:05
22669000.0,0.36969476,1,1669412406886000,2022-11-25 21:40:06
22669000.0,0.00474625,1,1669412414130000,2022-11-25 21:40:14
22670000.0,0.00160869,0,1669412434391000,2022-11-25 21:40:34
22670000.0,0.0013801,0,1669412435079000,2022-11-25 21:40:35
22670000.0,0.16495581,0,1669412442428000,2022-11-25 21:40:42
22669000.0,0.00770629,1,1669412444978002,2022-11-25 21:40:44
22669000.0,0.01103835,1,1669412444978001,2022-11-25 21:40:44
22669000.0,0.06141881,1,1669412444978000,2022-11-25 21:40:44
22669000.0,0.01100497,1,1669412454964000,2022-11-25 21:40:54
22669000.0,0.00176522,1,1669412454964001,2022-11-25 21:40:54
22669000.0,0.0441131,0,1669412455244000,2022-11-25 21:40:55
22669000.0,0.0441131,0,1669412460615000,2022-11-25 21:41:00
22669000.0,0.00220565,0,1669412461793000,2022-11-25 21:41:01
22669000.0,0.01121738,0,1669412461652000,2022-11-25 21:41:01
22669000.0,0.17391187,0,1669412474454000,2022-11-25 21:41:14
22669000.0,0.00066724,1,1669412480169000,2022-11-25 21:41:20
22670000.0,0.04411116,0,1669412502630000,2022-11-25 21:41:42
22670000.0,0.6883318,0,1669412519298000,2022-11-25 21:41:59
22669000.0,0.1002319,0,1669412519298002,2022-11-25 21:41:59
22669000.0,0.08822621,1,1669412519044000,2022-11-25 21:41:59
22670000.0,0.01559211,0,1669412519298001,2022-11-25 21:41:59
22669000.0,0.26655195,1,1669412519044002,2022-11-25 21:41:59
22669000.0,0.0002206,1,1669412519044003,2022-11-25 21:41:59
22669000.0,0.00065624,0,1669412519109000,2022-11-25 21:41:59
22669000.0,0.0441131,1,1669412519044001,2022-11-25 21:41:59
22670000.0,0.00849587,1,1669412523906000,2022-11-25 21:42:03
22670000.0,0.00492134,1,1669412542076000,2022-11-25 21:42:22
22670000.0,0.00055058,0,1669412551748000,2022-11-25 21:42:31
22670000.0,0.04849802,0,1669412561486000,2022-11-25 21:42:41
22670000.0,0.01243918,0,1669412563475000,2022-11-25 21:42:43
22669000.0,0.0082359,1,1669412577823001,2022-11-25 21:42:57
22670000.0,0.0486641,1,1669412577823000,2022-11-25 21:42:57
22669000.0,0.01185899,1,1669412596848001,2022-11-25 21:43:16
22669000.0,0.00466873,1,1669412596848000,2022-11-25 21:43:16
22669000.0,0.08822621,1,1669412618887000,2022-11-25 21:43:38
22669000.0,0.03400179,1,1669412618887001,2022-11-25 21:43:38
22669000.0,0.13872465,1,1669412618887003,2022-11-25 21:43:38
22669000.0,0.00372598,1,1669412618887002,2022-11-25 21:43:38
22669000.0,0.00329999,1,1669412631397000,2022-11-25 21:43:51
22669000.0,0.01323394,1,1669412634738000,2022-11-25 21:43:54
22669000.0,0.081896,1,1669412636611000,2022-11-25 21:43:56
22669000.0,0.00023435,1,1669412654561002,2022-11-25 21:44:14
22669000.0,0.13263758,1,1669412654561001,2022-11-25 21:44:14
22669000.0,0.07809042,1,1669412654561000,2022-11-25 21:44:14
22678000.0,0.00881834,0,1669412676449000,2022-11-25 21:44:36
22678000.0,0.00362078,1,1669412689230000,2022-11-25 21:44:49
22678000.0,0.03167606,1,1669412690958000,2022-11-25 21:44:50
22678000.0,0.0139025,1,1669412703232000,2022-11-25 21:45:03
22678000.0,0.00509242,1,1669412703232001,2022-11-25 21:45:03
22669000.0,0.00220565,1,1669412703232002,2022-11-25 21:45:03
22668000.0,0.07960675,1,1669412703232005,2022-11-25 21:45:03
22668000.0,0.01341049,1,1669412703232004,2022-11-25 21:45:03
22669000.0,0.01642199,1,1669412703232006,2022-11-25 21:45:03
22669000.0,0.00022497,1,1669412703232003,2022-11-25 21:45:03
22678000.0,0.00068933,0,1669412714693000,2022-11-25 21:45:14
22667000.0,0.00022499,1,1669412717666004,2022-11-25 21:45:17
22667000.0,0.00176379,1,1669412717666001,2022-11-25 21:45:17
22667000.0,0.00044117,1,1669412717666002,2022-11-25 21:45:17
22667000.0,0.00022062,1,1669412717666003,2022-11-25 21:45:17
22667000.0,0.01,1,1669412717666006,2022-11-25 21:45:17
22667000.0,0.00132284,1,1669412717666008,2022-11-25 21:45:17
22667000.0,0.06526583,1,1669412717666007,2022-11-25 21:45:17
22668000.0,0.00545344,1,1669412717666009,2022-11-25 21:45:17
22667000.0,0.00437641,1,1669412717666010,2022-11-25 21:45:17
22668000.0,0.00022498,1,1669412717666005,2022-11-25 21:45:17
22667000.0,0.00077569,1,1669412721219000,2022-11-25 21:45:21
22667000.0,0.01051178,1,1669412746559001,2022-11-25 21:45:46
22667000.0,0.0071125,1,1669412746559000,2022-11-25 21:45:46
22666000.0,0.1053252,1,1669412764803000,2022-11-25 21:46:04
22667000.0,0.00044117,1,1669412764803001,2022-11-25 21:46:04
22667000.0,3.088e-05,1,1669412764803002,2022-11-25 21:46:04
22667000.0,0.00088234,1,1669412764803004,2022-11-25 21:46:04
22667000.0,0.0013235,1,1669412764803005,2022-11-25 21:46:04
22667000.0,0.02575965,1,1669412764803003,2022-11-25 21:46:04
22685000.0,0.00026008,0,1669412767752000,2022-11-25 21:46:07
22685000.0,0.00026008,0,1669412768114000,2022-11-25 21:46:08
22683000.0,0.12989679,0,1669412803138000,2022-11-25 21:46:43
22667000.0,0.00504591,1,1669412847726003,2022-11-25 21:47:27
22667000.0,0.22058499,1,1669412847726004,2022-11-25 21:47:27
22667000.0,0.02978347,1,1669412847726001,2022-11-25 21:47:27
22667000.0,0.04411699,1,1669412847726002,2022-11-25 21:47:27
22667000.0,0.2297435,1,1669412847726005,2022-11-25 21:47:27
22683000.0,0.0296541,0,1669412847757003,2022-11-25 21:47:27
22683000.0,0.00082608,0,1669412847757001,2022-11-25 21:47:27
22683000.0,0.0817,1,1669412847975000,2022-11-25 21:47:27
22683000.0,0.00082201,0,1669412847757000,2022-11-25 21:47:27
22682000.0,0.08768659,0,1669412847757002,2022-11-25 21:47:27
22683000.0,0.0871,1,1669412849993000,2022-11-25 21:47:29
22683000.0,0.5413,1,1669412851964000,2022-11-25 21:47:31
22683000.0,0.0488,1,1669412853996000,2022-11-25 21:47:33
22683000.0,0.0606,1,1669412855980000,2022-11-25 21:47:35
22683000.0,0.039,1,1669412857984000,2022-11-25 21:47:37
22683000.0,0.00188878,1,1669412859983001,2022-11-25 21:47:39
22683000.0,0.02251122,1,1669412859983000,2022-11-25 21:47:39
22680000.0,0.01774628,1,1669412861974000,2022-11-25 21:47:41
22683000.0,0.00075372,1,1669412861974001,2022-11-25 21:47:41
22680000.0,0.1881,1,1669412863989000,2022-11-25 21:47:43
22667000.0,0.03997431,1,1669412877619001,2022-11-25 21:47:57
22680000.0,2.569e-05,1,1669412877619000,2022-11-25 21:47:57
22667000.0,0.00296602,1,1669412891049000,2022-11-25 21:48:11
22667000.0,0.01012576,1,1669412893578000,2022-11-25 21:48:13
22667000.0,0.00440133,1,1669412911574000,2022-11-25 21:48:31
22667000.0,0.0004556,1,1669412911277000,2022-11-25 21:48:31
22667000.0,0.00023,1,1669412916917000,2022-11-25 21:48:36
22667000.0,0.07513734,1,1669412916917001,2022-11-25 21:48:36
22667000.0,0.02964538,1,1669412916917002,2022-11-25 21:48:36
22667000.0,0.00022499,1,1669412916917003,2022-11-25 21:48:36
22667000.0,0.00022499,1,1669412916917004,2022-11-25 21:48:36
22667000.0,0.12656913,0,1669412924402000,2022-11-25 21:48:44
22667000.0,0.05646809,1,1669412930237000,2022-11-25 21:48:50
22668000.0,0.0077564,1,1669412963547000,2022-11-25 21:49:23
22668000.0,0.01696323,0,1669412970072000,2022-11-25 21:49:30
22683000.0,0.00022057,0,1669412983414000,2022-11-25 21:49:43
22683000.0,0.0085776,0,1669412990049001,2022-11-25 21:49:50
22683000.0,0.00091925,0,1669412990049000,2022-11-25 21:49:50
22683000.0,0.02668869,0,1669412990049003,2022-11-25 21:49:50
22683000.0,0.01381446,0,1669412990049002,2022-11-25 21:49:50
22667000.0,0.26615368,1,1669412992556000,2022-11-25 21:49:52
22667000.0,0.01961817,1,1669412996876000,2022-11-25 21:49:56
22667000.0,0.00518668,1,1669413015289000,2022-11-25 21:50:15
22683000.0,0.01190275,0,1669413041653001,2022-11-25 21:50:41
22682000.0,0.03303248,0,1669413041653000,2022-11-25 21:50:41
22667000.0,0.00266941,1,1669413045685000,2022-11-25 21:50:45
22685000.0,0.032949,0,1669413052295002,2022-11-25 21:50:52
22685000.0,0.01003697,0,1669413052295001,2022-11-25 21:50:52
22683000.0,0.04506173,0,1669413052295000,2022-11-25 21:50:52
22685000.0,0.0004849,0,1669413060275000,2022-11-25 21:51:00
22685000.0,0.01042527,0,1669413062849000,2022-11-25 21:51:02
22686000.0,0.08087506,0,1669413062849001,2022-11-25 21:51:02
22686000.0,0.004408,0,1669413087438000,2022-11-25 21:51:27
22685000.0,0.00044059,1,1669413094261000,2022-11-25 21:51:34
22678000.0,0.00044059,0,1669413113081000,2022-11-25 21:51:53
22668000.0,0.01981641,1,1669413121321002,2022-11-25 21:52:01
22667000.0,0.00216529,1,1669413121321001,2022-11-25 21:52:01
22668000.0,0.0280183,1,1669413121321000,2022-11-25 21:52:01
22669000.0,0.03538523,1,1669413126497000,2022-11-25 21:52:06
22669000.0,0.01311493,1,1669413148509001,2022-11-25 21:52:28
22669000.0,0.00044113,1,1669413148509000,2022-11-25 21:52:28
22669000.0,0.00479996,0,1669413154174000,2022-11-25 21:52:34
22669000.0,0.00044091,1,1669413167344000,2022-11-25 21:52:47
22669000.0,0.00402266,1,1669413167344001,2022-11-25 21:52:47
22669000.0,0.00441131,0,1669413169139000,2022-11-25 21:52:49
22669000.0,0.00280953,0,1669413183008000,2022-11-25 21:53:03
22669000.0,0.00294343,1,1669413197714001,2022-11-25 21:53:17
22669000.0,0.00013685,1,1669413197714000,2022-11-25 21:53:17
22669000.0,0.03970179,0,1669413198696000,2022-11-25 21:53:18
22669000.0,0.00441131,0,1669413203297000,2022-11-25 21:53:23
22669000.0,0.01194453,0,1669413205539000,2022-11-25 21:53:25
22669000.0,0.00247554,0,1669413210540001,2022-11-25 21:53:30
22669000.0,0.01958101,0,1669413210540000,2022-11-25 21:53:30
22668000.0,0.001,1,1669413230945000,2022-11-25 21:53:50
22668000.0,0.01089944,1,1669413248241003,2022-11-25 21:54:08
22668000.0,0.0034093,1,1669413248241002,2022-11-25 21:54:08
22668000.0,0.03374027,1,1669413248241001,2022-11-25 21:54:08
22668000.0,0.04407259,1,1669413248241000,2022-11-25 21:54:08
22669000.0,0.06982446,0,1669413271703000,2022-11-25 21:54:31
22669000.0,0.006,1,1669413273317002,2022-11-25 21:54:33
22668000.0,0.0104948,1,1669413273317001,2022-11-25 21:54:33
22668000.0,0.00556272,1,1669413273317000,2022-11-25 21:54:33
22668000.0,0.06042982,1,1669413283182000,2022-11-25 21:54:43
22668000.0,0.00882302,1,1669413304001000,2022-11-25 21:55:04
22668000.0,0.00026835,1,1669413305867000,2022-11-25 21:55:05
22667000.0,0.2695492,1,1669413308807003,2022-11-25 21:55:08
22668000.0,0.0133465,1,1669413308807002,2022-11-25 21:55:08
22668000.0,0.00781284,1,1669413308807001,2022-11-25 21:55:08
22668000.0,0.03194624,1,1669413308807000,2022-11-25 21:55:08
22678000.0,0.00440955,0,1669413309076000,2022-11-25 21:55:09
22667000.0,0.00044116,1,1669413313363000,2022-11-25 21:55:13
22668000.0,0.0108689,1,1669413322853000,2022-11-25 21:55:22
22678000.0,0.00241762,0,1669413326363000,2022-11-25 21:55:26
22688000.0,0.02203809,0,1669413333840000,2022-11-25 21:55:33
22678000.0,0.00979702,0,1669413333840002,2022-11-25 21:55:33
22688000.0,0.8816,0,1669413333840001,2022-11-25 21:55:33
22686000.0,0.04205403,0,1669413333840004,2022-11-25 21:55:33
22687000.0,0.01168346,0,1669413333840003,2022-11-25 21:55:33
22688000.0,0.0328,1,1669413334035000,2022-11-25 21:55:34
22669000.0,0.08657799,1,1669413340725002,2022-11-25 21:55:40
22670000.0,0.00044404,1,1669413340725001,2022-11-25 21:55:40
22688000.0,2.74e-05,1,1669413340725000,2022-11-25 21:55:40
22688000.0,0.01,1,1669413350774000,2022-11-25 21:55:50
22688000.0,0.00026004,0,1669413369955000,2022-11-25 21:56:09
22688000.0,0.00026004,0,1669413369717000,2022-11-25 21:56:09
22678000.0,0.00266724,1,1669413374063000,2022-11-25 21:56:14
22678000.0,0.00465495,1,1669413393945000,2022-11-25 21:56:33
22668000.0,0.01408712,1,1669413393945001,2022-11-25 21:56:33
22667000.0,0.01147815,1,1669413393945002,2022-11-25 21:56:33
22678000.0,0.02712375,1,1669413393945005,2022-11-25 21:56:33
22668000.0,0.0111776,1,1669413393945004,2022-11-25 21:56:33
22668000.0,0.02513301,1,1669413393945003,2022-11-25 21:56:33
22678000.0,0.1509131,0,1669413401461000,2022-11-25 21:56:41
22678000.0,0.00052914,0,1669413401410000,2022-11-25 21:56:41
22678000.0,0.06956489,1,1669413405924001,2022-11-25 21:56:45
22678000.0,0.02512193,1,1669413405924000,2022-11-25 21:56:45
22678000.0,0.06589466,0,1669413407262000,2022-11-25 21:56:47
22678000.0,0.0888738,1,1669413413289000,2022-11-25 21:56:53
22687000.0,0.01762247,0,1669413415441000,2022-11-25 21:56:55
22687000.0,0.00023,0,1669413443549000,2022-11-25 21:57:23
22687000.0,0.00088156,0,1669413444642000,2022-11-25 21:57:24
22678000.0,0.01721476,1,1669413467267002,2022-11-25 21:57:47
22678000.0,0.02152578,1,1669413467267001,2022-11-25 21:57:47
22683000.0,0.00044078,1,1669413467267000,2022-11-25 21:57:47
22678000.0,0.01175439,1,1669413471965000,2022-11-25 21:57:51
22687000.0,0.025,0,1669413472433000,2022-11-25 21:57:52
22678000.0,0.01057895,1,1669413476828000,2022-11-25 21:57:56
22667000.0,0.007366,1,1669413505561000,2022-11-25 21:58:25
22678000.0,0.00732479,1,1669413505561001,2022-11-25 21:58:25
22678000.0,0.00032867,1,1669413505561002,2022-11-25 21:58:25
22668000.0,0.002,1,1669413505561003,2022-11-25 21:58:25
22672000.0,0.00113806,1,1669413505561004,2022-11-25 21:58:25
22667000.0,0.21184074,1,1669413507247000,2022-11-25 21:58:27
22667000.0,0.00211081,1,1669413511592001,2022-11-25 21:58:31
22667000.0,0.0204943,1,1669413511592000,2022-11-25 21:58:31
22686000.0,0.008816,0,1669413523564000,2022-11-25 21:58:43
22686000.0,0.00302423,0,1669413537718000,2022-11-25 21:58:57
22667000.0,0.00285797,1,1669413545300001,2022-11-25 21:59:05
22668000.0,0.00044115,1,1669413545300000,2022-11-25 21:59:05
22686000.0,0.0004408,0,1669413546645000,2022-11-25 21:59:06
22668000.0,0.0028329,1,1669413566806000,2022-11-25 21:59:26
22668000.0,0.00153984,1,1669413569481000,2022-11-25 21:59:29
22667000.0,0.00175929,1,1669413569481001,2022-11-25 21:59:29
22667000.0,0.00209532,1,1669413579897001,2022-11-25 21:59:39
22667000.0,0.01049878,1,1669413579897000,2022-11-25 21:59:39
22678000.0,0.025,0,1669413591248000,2022-11-25 21:59:51
22677000.0,0.2,0,1669413600986000,2022-11-25 22:00:00
22677000.0,0.00022048,0,1669413601600000,2022-11-25 22:00:01
22677000.0,0.00295662,0,1669413604280000,2022-11-25 22:00:04
22675000.0,0.00073104,0,1669413605242000,2022-11-25 22:00:05
22668000.0,0.0028023,1,1669413606216000,2022-11-25 22:00:06
22675000.0,0.00440705,0,1669413606388000,2022-11-25 22:00:06
22675000.0,0.01769312,0,1669413613398000,2022-11-25 22:00:13
22675000.0,0.06876972,0,1669413614011000,2022-11-25 22:00:14
22675000.0,0.0312,1,1669413614113000,2022-11-25 22:00:14
22675000.0,0.05386972,1,1669413620029001,2022-11-25 22:00:20
22675000.0,3.028e-05,1,1669413620029000,2022-11-25 22:00:20
22668000.0,0.05757623,1,1669413624959001,2022-11-25 22:00:24
22675000.0,2.377e-05,1,1669413624959000,2022-11-25 22:00:24
22668000.0,0.0156,1,1669413632563000,2022-11-25 22:00:32
22668000.0,0.00052914,1,1669413634598000,2022-11-25 22:00:34
22668000.0,0.0364,1,1669413639515000,2022-11-25 22:00:39
22668000.0,0.0425,1,1669413644527000,2022-11-25 22:00:44
22668000.0,0.189,1,1669413651812000,2022-11-25 22:00:51
22668000.0,0.0166,1,1669413658885000,2022-11-25 22:00:58
22684000.0,0.00220463,0,1669413659280000,2022-11-25 22:00:59
22684000.0,0.00044083,0,1669413665906000,2022-11-25 22:01:05
22668000.0,0.00316596,1,1669413695574001,2022-11-25 22:01:35
22683000.0,0.00132257,1,1669413695574000,2022-11-25 22:01:35
22683000.0,0.00464735,0,1669413704509000,2022-11-25 22:01:44
22668000.0,0.14084624,1,1669413715511001,2022-11-25 22:01:55
22668000.0,0.09538425,1,1669413715511000,2022-11-25 22:01:55
22668000.0,0.00605718,1,1669413715295000,2022-11-25 22:01:55
22668000.0,0.24230083,1,1669413717392000,2022-11-25 22:01:57
22668000.0,0.0138,1,1669413725370000,2022-11-25 22:02:05
22668000.0,0.0268,1,1669413727364000,2022-11-25 22:02:07
22668000.0,0.0387,1,1669413729821000,2022-11-25 22:02:09
22668000.0,0.03965703,1,1669413731686000,2022-11-25 22:02:11
22668000.0,0.03006564,1,1669413740516001,2022-11-25 22:02:20
22669000.0,0.00353298,1,1669413740516000,2022-11-25 22:02:20
22684000.0,0.00948542,0,1669413754098001,2022-11-25 22:02:34
22683000.0,0.00308683,0,1669413754098000,2022-11-25 22:02:34
22669000.0,0.05818972,1,1669413757557000,2022-11-25 22:02:37
22669000.0,0.0665,1,1669413758246000,2022-11-25 22:02:38
22669000.0,0.014,1,1669413759038000,2022-11-25 22:02:39
22669000.0,0.06638321,1,1669413761707000,2022-11-25 22:02:41
22669000.0,0.0123,1,1669413761656000,2022-11-25 22:02:41
22669000.0,0.0562,1,1669413764968000,2022-11-25 22:02:44
22669000.0,0.015,1,1669413766953000,2022-11-25 22:02:46
22670000.0,0.00440891,1,1669413768972000,2022-11-25 22:02:48
22669000.0,0.03009109,1,1669413768972001,2022-11-25 22:02:48
22669000.0,0.0124,1,1669413770956000,2022-11-25 22:02:50
22669000.0,0.05,1,1669413772965000,2022-11-25 22:02:52
22668000.0,0.17796669,1,1669413773149002,2022-11-25 22:02:53
22669000.0,0.00662704,1,1669413773149001,2022-11-25 22:02:53
22669000.0,0.00707868,1,1669413773149000,2022-11-25 22:02:53
22669000.0,0.05344,1,1669413773107000,2022-11-25 22:02:53
22668000.0,0.0168,1,1669413774972000,2022-11-25 22:02:54
22668000.0,0.0182,1,1669413776968000,2022-11-25 22:02:56
22668000.0,0.00600619,1,1669413806199000,2022-11-25 22:03:26
22686000.0,0.00934551,0,1669413809212000,2022-11-25 22:03:29
22686000.0,0.002204,0,1669413829841000,2022-11-25 22:03:49
22672000.0,0.0124,1,1669413833493000,2022-11-25 22:03:53
22669000.0,0.00461545,1,1669413842724002,2022-11-25 22:04:02
22668000.0,0.0289803,1,1669413842724001,2022-11-25 22:04:02
22672000.0,4.25e-06,1,1669413842724000,2022-11-25 22:04:02
22668000.0,0.29114649,1,1669413846949000,2022-11-25 22:04:06
22668000.0,0.0272,1,1669413855008000,2022-11-25 22:04:15
22668000.0,0.052,1,1669413857019000,2022-11-25 22:04:17
22668000.0,0.0507,1,1669413859018000,2022-11-25 22:04:19
22668000.0,0.0605,1,1669413864037000,2022-11-25 22:04:24
22668000.0,0.0605,1,1669413866041000,2022-11-25 22:04:26
22686000.0,0.0004408,0,1669413871146000,2022-11-25 22:04:31
22668000.0,0.07733191,1,1669413877607000,2022-11-25 22:04:37
22669000.0,0.005,1,1669413877607001,2022-11-25 22:04:37
22669000.0,0.01004507,1,1669413891910000,2022-11-25 22:04:51
22686000.0,0.00035264,0,1669413912929000,2022-11-25 22:05:12
22669000.0,0.03651172,1,1669413912258001,2022-11-25 22:05:12
22669000.0,0.00586858,1,1669413912258000,2022-11-25 22:05:12
22686000.0,0.00070159,0,1669413916046000,2022-11-25 22:05:16
22684000.0,0.0091029,0,1669413921735000,2022-11-25 22:05:21
22669000.0,0.14346328,1,1669413922226000,2022-11-25 22:05:22
22669000.0,0.10662818,1,1669413922980000,2022-11-25 22:05:22
22684000.0,0.00280664,0,1669413925244001,2022-11-25 22:05:25
22682000.0,0.01,0,1669413925244000,2022-11-25 22:05:25
22684000.0,0.00096469,0,1669413927148000,2022-11-25 22:05:27
22684000.0,0.00070223,0,1669413933677000,2022-11-25 22:05:33
22684000.0,0.01324115,0,1669413935241000,2022-11-25 22:05:35
22670000.0,0.19717915,0,1669413938691000,2022-11-25 22:05:38
22670000.0,0.05555304,1,1669413938526000,2022-11-25 22:05:38
22671000.0,0.00222883,0,1669413946865001,2022-11-25 22:05:46
22670000.0,0.00350208,0,1669413946865000,2022-11-25 22:05:46
22671000.0,0.00132305,0,1669413955959000,2022-11-25 22:05:55
22669000.0,0.05730608,1,1669413967961000,2022-11-25 22:06:07
22671000.0,0.0123392,0,1669413969500000,2022-11-25 22:06:09
22671000.0,0.00026024,0,1669413972223000,2022-11-25 22:06:12
22671000.0,0.00026024,0,1669413972153000,2022-11-25 22:06:12
22681000.0,0.02153157,0,1669413975161000,2022-11-25 22:06:15
22671000.0,0.00051353,0,1669413975161001,2022-11-25 22:06:15
22671000.0,0.01257225,1,1669413988153000,2022-11-25 22:06:28
22683000.0,0.02917039,0,1669413994709000,2022-11-25 22:06:34
22671000.0,0.01322402,1,1669414000013000,2022-11-25 22:06:40
22683000.0,0.10678869,0,1669414016754000,2022-11-25 22:06:56
22671000.0,0.04431784,1,1669414066344000,2022-11-25 22:07:46
22682000.0,0.00105439,0,1669414068513001,2022-11-25 22:07:48
22683000.0,0.01215061,0,1669414068513000,2022-11-25 22:07:48
22683000.0,0.00440858,0,1669414070051000,2022-11-25 22:07:50
22683000.0,0.03084468,0,1669414092993000,2022-11-25 22:08:12
22671000.0,0.01322577,1,1669414108886000,2022-11-25 22:08:28
22671000.0,0.00067953,1,1669414113183000,2022-11-25 22:08:33
22671000.0,0.06,1,1669414114961005,2022-11-25 22:08:34
22671000.0,0.02804865,1,1669414114961004,2022-11-25 22:08:34
22671000.0,0.00022495,1,1669414114961003,2022-11-25 22:08:34
22671000.0,0.01598059,1,1669414114961002,2022-11-25 22:08:34
22671000.0,0.15374838,1,1669414114961001,2022-11-25 22:08:34
22671000.0,0.00071103,1,1669414114961000,2022-11-25 22:08:34
22683000.0,0.00651332,0,1669414121265001,2022-11-25 22:08:41
22682000.0,0.00880966,0,1669414121265000,2022-11-25 22:08:41
22683000.0,0.03098752,0,1669414124015000,2022-11-25 22:08:44
22680000.0,0.00022045,0,1669414134571000,2022-11-25 22:08:54
22680000.0,0.01477955,0,1669414137578000,2022-11-25 22:08:57
22680000.0,0.00022052,1,1669414144832000,2022-11-25 22:09:04
22680000.0,0.01659774,1,1669414145833000,2022-11-25 22:09:05
22680000.0,0.00067413,1,1669414152230000,2022-11-25 22:09:12
22680000.0,0.050278,1,1669414158621001,2022-11-25 22:09:18
22680000.0,0.10711652,1,1669414158621000,2022-11-25 22:09:18
22680000.0,0.08475084,1,1669414160162000,2022-11-25 22:09:20
22680000.0,0.00438646,1,1669414160707000,2022-11-25 22:09:20
22683000.0,0.01182402,0,1669414160693000,2022-11-25 22:09:20
22680000.0,0.08104325,1,1669414161190001,2022-11-25 22:09:21
22680000.0,0.01320732,1,1669414161190000,2022-11-25 22:09:21
22680000.0,0.00556957,0,1669414163909000,2022-11-25 22:09:23
22671000.0,0.00160125,1,1669414174015000,2022-11-25 22:09:34
22671000.0,0.06778727,1,1669414181505000,2022-11-25 22:09:41
22671000.0,0.00440871,1,1669414189232011,2022-11-25 22:09:49
22669000.0,0.00441131,1,1669414189232010,2022-11-25 22:09:49
22668000.0,0.11296818,1,1669414189232009,2022-11-25 22:09:49
22669000.0,0.01155648,1,1669414189232008,2022-11-25 22:09:49
22669000.0,0.00022497,1,1669414189232007,2022-11-25 22:09:49
22671000.0,0.00044091,1,1669414189232006,2022-11-25 22:09:49
22671000.0,0.00441092,1,1669414189232005,2022-11-25 22:09:49
22669000.0,0.00022497,1,1669414189232004,2022-11-25 22:09:49
22671000.0,0.09432458,1,1669414189232003,2022-11-25 22:09:49
22669000.0,0.00022497,1,1669414189232002,2022-11-25 22:09:49
22669000.0,0.00080858,1,1669414210727000,2022-11-25 22:10:10
22669000.0,0.00800146,1,1669414210727001,2022-11-25 22:10:10
22671000.0,0.0220546,0,1669414212123000,2022-11-25 22:10:12
22668000.0,0.09991162,1,1669414214194001,2022-11-25 22:10:14
22669000.0,0.00360234,1,1669414214194000,2022-11-25 22:10:14
22669000.0,0.00073104,1,1669414221393000,2022-11-25 22:10:21
22669000.0,0.00926896,1,1669414223585001,2022-11-25 22:10:23
22668000.0,0.00721999,1,1669414223585000,2022-11-25 22:10:23
22668000.0,0.63051115,1,1669414231440003,2022-11-25 22:10:31
22668000.0,0.12078039,1,1669414231440004,2022-11-25 22:10:31
22668000.0,0.00132345,1,1669414231440005,2022-11-25 22:10:31
22668000.0,1.94107224,1,1669414231440006,2022-11-25 22:10:31
22668000.0,0.00044115,1,1669414231440007,2022-11-25 22:10:31
22668000.0,0.03243481,1,1669414231440009,2022-11-25 22:10:31
22668000.0,0.00022061,1,1669414231440010,2022-11-25 22:10:31
22668000.0,0.01,1,1669414231440011,2022-11-25 22:10:31
22668000.0,0.00033,1,1669414231440012,2022-11-25 22:10:31
22668000.0,0.00044512,1,1669414231440008,2022-11-25 22:10:31
22668000.0,0.00061336,1,1669414243534000,2022-11-25 22:10:43
22668000.0,0.00172256,1,1669414261139000,2022-11-25 22:11:01
22668000.0,0.00410161,1,1669414262605000,2022-11-25 22:11:02
22669000.0,0.03195996,0,1669414271417000,2022-11-25 22:11:11
22669000.0,0.0038226,1,1669414271458000,2022-11-25 22:11:11
22669000.0,0.00222309,1,1669414272096000,2022-11-25 22:11:12
22669000.0,0.0019113,1,1669414278431000,2022-11-25 22:11:18
22669000.0,0.0129,1,1669414288181000,2022-11-25 22:11:28
22669000.0,0.0529,1,1669414291184000,2022-11-25 22:11:31
22669000.0,0.00044113,0,1669414291784000,2022-11-25 22:11:31
22669000.0,0.02655623,1,1669414291382001,2022-11-25 22:11:31
22669000.0,0.03897623,1,1669414291382000,2022-11-25 22:11:31
22669000.0,0.01570187,0,1669414295786000,2022-11-25 22:11:35
22669000.0,0.00154117,1,1669414312498000,2022-11-25 22:11:52
22669000.0,0.0108,1,1669414320673000,2022-11-25 22:12:00
22670000.0,0.0055,0,1669414321107000,2022-11-25 22:12:01
22668000.0,0.0015958,1,1669414322649001,2022-11-25 22:12:02
22669000.0,0.0094042,1,1669414322649000,2022-11-25 22:12:02
22668000.0,0.01967114,1,1669414323268000,2022-11-25 22:12:03
22668000.0,0.01716911,1,1669414323268001,2022-11-25 22:12:03
22668000.0,0.069,1,1669414323268003,2022-11-25 22:12:03
22668000.0,0.14311061,1,1669414323268004,2022-11-25 22:12:03
22668000.0,0.00374914,1,1669414323268002,2022-11-25 22:12:03
22668000.0,0.0471,1,1669414325243000,2022-11-25 22:12:05
22668000.0,0.0782,1,1669414327250000,2022-11-25 22:12:07
22668000.0,0.0338,1,1669414329257000,2022-11-25 22:12:09
22668000.0,0.005,1,1669414330149000,2022-11-25 22:12:10
22668000.0,0.085,1,1669414331176000,2022-11-25 22:12:11
22668000.0,0.0555,1,1669414333262000,2022-11-25 22:12:13
22668000.0,0.0617,1,1669414337267000,2022-11-25 22:12:17
22668000.0,0.016818,1,1669414339347000,2022-11-25 22:12:19
22668000.0,0.0241,1,1669414340154000,2022-11-25 22:12:20
22668000.0,0.1155,1,1669414342149000,2022-11-25 22:12:22
22668000.0,0.24216215,1,1669414344885000,2022-11-25 22:12:24
22668000.0,0.4045,1,1669414345467000,2022-11-25 22:12:25
22668000.0,0.0302,1,1669414347037000,2022-11-25 22:12:27
22667000.0,0.00434968,1,1669414347907001,2022-11-25 22:12:27
22668000.0,8.471e-05,1,1669414347907000,2022-11-25 22:12:27
22668000.0,0.00101816,1,1669414347475001,2022-11-25 22:12:27
22668000.0,0.88958184,1,1669414347475000,2022-11-25 22:12:27
22667000.0,0.0499,1,1669414351072000,2022-11-25 22:12:31
22667000.0,0.05732343,1,1669414353546001,2022-11-25 22:12:33
22667000.0,0.00044116,1,1669414353546002,2022-11-25 22:12:33
22667000.0,0.04969528,1,1669414353546003,2022-11-25 22:12:33
22667000.0,0.00882339,1,1669414353546004,2022-11-25 22:12:33
22667000.0,0.01333373,1,1669414353546005,2022-11-25 22:12:33
22667000.0,0.00082705,1,1669414353546008,2022-11-25 22:12:33
22667000.0,0.00792721,1,1669414353546007,2022-11-25 22:12:33
22667000.0,0.01407369,1,1669414353546009,2022-11-25 22:12:33
22667000.0,0.13228485,1,1669414353546010,2022-11-25 22:12:33
22667000.0,0.00882339,1,1669414353546006,2022-11-25 22:12:33
22666000.0,0.000225,1,1669414356918005,2022-11-25 22:12:36
22666000.0,0.01323568,1,1669414356918002,2022-11-25 22:12:36
22666000.0,0.33513641,1,1669414356918003,2022-11-25 22:12:36
22666000.0,0.03069696,1,1669414356918004,2022-11-25 22:12:36
22666000.0,0.00272807,1,1669414356918006,2022-11-25 22:12:36
22666000.0,0.00067916,1,1669414356918008,2022-11-25 22:12:36
22666000.0,0.00450048,1,1669414356918009,2022-11-25 22:12:36
22666000.0,0.02577838,1,1669414356918010,2022-11-25 22:12:36
22666000.0,0.00088193,1,1669414356918011,2022-11-25 22:12:36
22666000.0,0.00044118,1,1669414356918007,2022-11-25 22:12:36
22666000.0,0.01,0,1669414357387000,2022-11-25 22:12:37
22665000.0,0.0103793,1,1669414358513001,2022-11-25 22:12:38
22665000.0,0.0002207,1,1669414358513000,2022-11-25 22:12:38
22666000.0,0.01,0,1669414360579000,2022-11-25 22:12:40
22666000.0,0.00062021,0,1669414368173000,2022-11-25 22:12:48
22666000.0,0.06,0,1669414371917000,2022-11-25 22:12:51
22666000.0,0.0014998,0,1669414374037000,2022-11-25 22:12:54
22666000.0,0.00441189,0,1669414374691000,2022-11-25 22:12:54
22665000.0,0.00441208,1,1669414375183004,2022-11-25 22:12:55
22665000.0,0.11906687,1,1669414375183003,2022-11-25 22:12:55
22665000.0,0.00022501,1,1669414375183002,2022-11-25 22:12:55
22665000.0,0.10179365,1,1669414375183001,2022-11-25 22:12:55
22665000.0,0.03920239,1,1669414375183000,2022-11-25 22:12:55
22666000.0,0.03808836,0,1669414379140000,2022-11-25 22:12:59
22666000.0,0.07750825,0,1669414379140001,2022-11-25 22:12:59
22665000.0,0.01324951,1,1669414381844000,2022-11-25 22:13:01
22666000.0,0.00185423,0,1669414381847000,2022-11-25 22:13:01
22666000.0,0.06373145,0,1669414385459001,2022-11-25 22:13:05
22666000.0,0.00275357,0,1669414385459000,2022-11-25 22:13:05
22666000.0,0.00030883,0,1669414394001000,2022-11-25 22:13:14
22665000.0,0.009,1,1669414398495000,2022-11-25 22:13:18
22666000.0,0.00037817,0,1669414407360000,2022-11-25 22:13:27
22666000.0,0.00059155,0,1669414412051000,2022-11-25 22:13:32
22666000.0,0.1,0,1669414413046000,2022-11-25 22:13:33
22665000.0,0.01748905,1,1669414413577000,2022-11-25 22:13:33
22665000.0,0.04409884,1,1669414418563000,2022-11-25 22:13:38
22665000.0,0.01,1,1669414418563001,2022-11-25 22:13:38
22665000.0,0.0004651,1,1669414418563002,2022-11-25 22:13:38
22665000.0,0.07904305,1,1669414418563003,2022-11-25 22:13:38
22665000.0,0.034,1,1669414418563004,2022-11-25 22:13:38
22664000.0,0.00794674,1,1669414430638003,2022-11-25 22:13:50
22664000.0,0.01917027,1,1669414430638002,2022-11-25 22:13:50
22664000.0,0.00022502,1,1669414430638001,2022-11-25 22:13:50
22664000.0,0.00088245,1,1669414430638000,2022-11-25 22:13:50
22664000.0,0.01,0,1669414432711000,2022-11-25 22:13:52
22664000.0,0.18795353,0,1669414435449000,2022-11-25 22:13:55
22664000.0,0.00068533,0,1669414436274000,2022-11-25 22:13:56
22663000.0,0.0048774,1,1669414441232000,2022-11-25 22:14:01
22663000.0,0.00044124,1,1669414441232002,2022-11-25 22:14:01
22663000.0,0.00438136,1,1669414441232001,2022-11-25 22:14:01
22663000.0,0.006,1,1669414442359000,2022-11-25 22:14:02
22662000.0,0.00022067,1,1669414443299000,2022-11-25 22:14:03
22662000.0,0.00022504,1,1669414443426001,2022-11-25 22:14:03
22661000.0,0.00022068,1,1669414443426002,2022-11-25 22:14:03
22661000.0,0.00755298,1,1669414443426003,2022-11-25 22:14:03
22661000.0,0.02253945,1,1669414443556000,2022-11-25 22:14:03
22661000.0,0.02696291,1,1669414443556001,2022-11-25 22:14:03
22662000.0,0.00377933,1,1669414443299001,2022-11-25 22:14:03
22663000.0,0.00349854,1,1669414443174000,2022-11-25 22:14:03
22663000.0,0.03450646,1,1669414443174001,2022-11-25 22:14:03
22663000.0,0.00291532,1,1669414443209000,2022-11-25 22:14:03
22663000.0,0.01412125,1,1669414443209001,2022-11-25 22:14:03
22663000.0,0.00022503,1,1669414443243000,2022-11-25 22:14:03
22663000.0,0.01627261,1,1669414443243001,2022-11-25 22:14:03
22662000.0,0.0070013,1,1669414443426000,2022-11-25 22:14:03
22661000.0,0.071539,1,1669414444357000,2022-11-25 22:14:04
22663000.0,0.00022062,0,1669414444156000,2022-11-25 22:14:04
22661000.0,0.07,1,1669414444164000,2022-11-25 22:14:04
22661000.0,0.005,1,1669414445149000,2022-11-25 22:14:05
22661000.0,0.01,0,1669414445881000,2022-11-25 22:14:05
22661000.0,0.04406214,1,1669414445192001,2022-11-25 22:14:05
22661000.0,0.00559662,1,1669414445241000,2022-11-25 22:14:05
22661000.0,0.02493786,1,1669414445192000,2022-11-25 22:14:05
22660000.0,0.01246128,1,1669414447075002,2022-11-25 22:14:07
22660000.0,0.08143872,1,1669414447075001,2022-11-25 22:14:07
22660000.0,0.01,1,1669414447075000,2022-11-25 22:14:07
22664000.0,0.00088205,0,1669414449250000,2022-11-25 22:14:09
22660000.0,0.00220653,1,1669414451970004,2022-11-25 22:14:11
22660000.0,0.0004413,1,1669414451970005,2022-11-25 22:14:11
22660000.0,0.00132356,1,1669414451970006,2022-11-25 22:14:11
22660000.0,0.00441306,1,1669414451970007,2022-11-25 22:14:11
22660000.0,0.0043812,1,1669414451970008,2022-11-25 22:14:11
22660000.0,0.01323918,1,1669414451970010,2022-11-25 22:14:11
22660000.0,0.00030801,1,1669414451970011,2022-11-25 22:14:11
22660000.0,0.04413062,1,1669414451970012,2022-11-25 22:14:11
22660000.0,0.0004413,1,1669414451970013,2022-11-25 22:14:11
22660000.0,0.00022069,1,1669414451970009,2022-11-25 22:14:11
22660000.0,0.000665,0,1669414454134000,2022-11-25 22:14:14
22660000.0,0.01,0,1669414456167000,2022-11-25 22:14:16
22659000.0,0.00078271,1,1669414459930000,2022-11-25 22:14:19
22660000.0,0.01,0,1669414465699000,2022-11-25 22:14:25
22659000.0,0.00044133,1,1669414466010001,2022-11-25 22:14:26
22659000.0,0.02,1,1669414466010000,2022-11-25 22:14:26
22659000.0,0.00405762,1,1669414466010003,2022-11-25 22:14:26
22659000.0,0.00121729,1,1669414466010004,2022-11-25 22:14:26
22659000.0,0.04880812,1,1669414466010002,2022-11-25 22:14:26
22659000.0,0.0220465,1,1669414468919000,2022-11-25 22:14:28
22659000.0,0.00441306,1,1669414473076002,2022-11-25 22:14:33
22659000.0,0.05034156,1,1669414473076001,2022-11-25 22:14:33
22659000.0,0.02914538,1,1669414473076000,2022-11-25 22:14:33
22659000.0,0.01205614,1,1669414473345000,2022-11-25 22:14:33
22659000.0,0.00137218,0,1669414475222000,2022-11-25 22:14:35
22658000.0,0.1,1,1669414477182001,2022-11-25 22:14:37
22658000.0,0.001,1,1669414477182000,2022-11-25 22:14:37
22658000.0,0.00882612,1,1669414477182003,2022-11-25 22:14:37
22658000.0,0.00204831,1,1669414477182002,2022-11-25 22:14:37
22659000.0,0.00441325,0,1669414479920000,2022-11-25 22:14:39
22658000.0,0.01727574,0,1669414479519002,2022-11-25 22:14:39
22659000.0,0.02624303,0,1669414479519001,2022-11-25 22:14:39
22658000.0,0.02285567,0,1669414479519000,2022-11-25 22:14:39
22659000.0,0.0264663,0,1669414483642000,2022-11-25 22:14:43
22658000.0,0.01,1,1669414484340000,2022-11-25 22:14:44
22658000.0,0.04413452,0,1669414486433000,2022-11-25 22:14:46
22658000.0,0.03089741,0,1669414487999000,2022-11-25 22:14:47
22657000.0,0.01324094,1,1669414504685000,2022-11-25 22:15:04
22657000.0,0.00022072,1,1669414504685002,2022-11-25 22:15:04
22657000.0,0.01914427,1,1669414504685001,2022-11-25 22:15:04
22658000.0,0.00343566,0,1669414505183000,2022-11-25 22:15:05
22657000.0,0.02415,1,1669414506284000,2022-11-25 22:15:06
22657000.0,0.15046794,1,1669414515016000,2022-11-25 22:15:15
22657000.0,0.00220682,1,1669414516765005,2022-11-25 22:15:16
22657000.0,0.04985701,1,1669414516765004,2022-11-25 22:15:16
22657000.0,0.00623779,1,1669414516765003,2022-11-25 22:15:16
22657000.0,0.00044118,1,1669414516765002,2022-11-25 22:15:16
22657000.0,0.0079492,1,1669414516765001,2022-11-25 22:15:16
22657000.0,0.00126256,1,1669414516765000,2022-11-25 22:15:16
22657000.0,0.03626855,1,1669414521323000,2022-11-25 22:15:21
22657000.0,0.006,1,1669414521569001,2022-11-25 22:15:21
22657000.0,0.01387444,1,1669414521569000,2022-11-25 22:15:21
22657000.0,0.05086342,1,1669414521569003,2022-11-25 22:15:21
22657000.0,0.08154598,1,1669414521909000,2022-11-25 22:15:21
22657000.0,0.01323142,1,1669414521569002,2022-11-25 22:15:21
22656000.0,0.0063,1,1669414523662000,2022-11-25 22:15:23
22657000.0,0.00308889,0,1669414526432000,2022-11-25 22:15:26
22656000.0,0.06338,1,1669414530388000,2022-11-25 22:15:30
22657000.0,0.0013723,0,1669414535184000,2022-11-25 22:15:35
22656000.0,0.03472655,1,1669414540266001,2022-11-25 22:15:40
22656000.0,0.02626345,1,1669414540266000,2022-11-25 22:15:40
22657000.0,0.01323432,0,1669414544191000,2022-11-25 22:15:44
22656000.0,0.01087,1,1669414551296000,2022-11-25 22:15:51
22657000.0,0.44136469,0,1669414557158000,2022-11-25 22:15:57
22656000.0,0.04957768,1,1669414559005000,2022-11-25 22:15:59
22656000.0,0.068,1,1669414562867000,2022-11-25 22:16:02
22657000.0,0.0013723,0,1669414565171000,2022-11-25 22:16:05
22657000.0,0.00044136,0,1669414569015000,2022-11-25 22:16:09
22657000.0,0.0002604,0,1669414569999000,2022-11-25 22:16:09
22657000.0,0.0002604,0,1669414570037000,2022-11-25 22:16:10
22657000.0,0.02497,0,1669414573645000,2022-11-25 22:16:13
22657000.0,0.00041919,0,1669414582147000,2022-11-25 22:16:22
22657000.0,0.00434659,0,1669414588684000,2022-11-25 22:16:28
22656000.0,0.10997773,1,1669414591592000,2022-11-25 22:16:31
22656000.0,0.04463828,1,1669414591592001,2022-11-25 22:16:31
22656000.0,0.05536172,1,1669414591858000,2022-11-25 22:16:31
22656000.0,0.0002251,1,1669414591592002,2022-11-25 22:16:31
22656000.0,0.00441384,1,1669414591858002,2022-11-25 22:16:31
22656000.0,0.38190412,1,1669414591858003,2022-11-25 22:16:31
22656000.0,0.023,1,1669414591858001,2022-11-25 22:16:31
22657000.0,0.31598373,0,1669414593553001,2022-11-25 22:16:33
22657000.0,0.12538096,0,1669414593553000,2022-11-25 22:16:33
22656000.0,0.98011572,1,1669414598215000,2022-11-25 22:16:38
22656000.0,0.40519377,1,1669414600891000,2022-11-25 22:16:40
22656000.0,0.22058179,1,1669414603969001,2022-11-25 22:16:43
22656000.0,0.32401844,1,1669414603969000,2022-11-25 22:16:43
22656000.0,0.28688705,0,1669414605958000,2022-11-25 22:16:45
22656000.0,0.01088814,0,1669414605068000,2022-11-25 22:16:45
22656000.0,0.00044138,0,1669414607428000,2022-11-25 22:16:47
22656000.0,0.66195939,0,1669414619957000,2022-11-25 22:16:59
22656000.0,0.0025474,0,1669414624401000,2022-11-25 22:17:04
22656000.0,0.00254485,0,1669414631671000,2022-11-25 22:17:11
22656000.0,0.44138418,0,1669414634243000,2022-11-25 22:17:14
22656000.0,0.03683296,0,1669414644594001,2022-11-25 22:17:24
22656000.0,0.01530221,0,1669414644594000,2022-11-25 22:17:24
22656000.0,0.013,0,1669414647891000,2022-11-25 22:17:27
22656000.0,0.00441384,0,1669414653726000,2022-11-25 22:17:33
22656000.0,0.00441384,0,1669414660560000,2022-11-25 22:17:40
22656000.0,0.01,0,1669414660341000,2022-11-25 22:17:40
22656000.0,0.08822621,0,1669414666006000,2022-11-25 22:17:46
22655000.0,0.00085404,1,1669414673239000,2022-11-25 22:17:53
22655000.0,0.00493209,1,1669414673239002,2022-11-25 22:17:53
22655000.0,0.00263089,1,1669414673239001,2022-11-25 22:17:53
22656000.0,0.0132349,0,1669414679143000,2022-11-25 22:17:59
22656000.0,0.00166858,0,1669414690173000,2022-11-25 22:18:10
22655000.0,0.04413062,1,1669414702194003,2022-11-25 22:18:22
22655000.0,0.00211624,1,1669414702194002,2022-11-25 22:18:22
22655000.0,0.01713809,1,1669414702194001,2022-11-25 22:18:22
22655000.0,0.00441403,1,1669414702194000,2022-11-25 22:18:22
22656000.0,0.00922082,0,1669414702540000,2022-11-25 22:18:22
22656000.0,0.00917432,0,1669414704168000,2022-11-25 22:18:24
22656000.0,0.00920496,0,1669414704224000,2022-11-25 22:18:24
22656000.0,0.021,0,1669414713397000,2022-11-25 22:18:33
22656000.0,0.00539424,0,1669414716552000,2022-11-25 22:18:36
22656000.0,0.00535246,0,1669414716487000,2022-11-25 22:18:36
22656000.0,0.00537203,0,1669414718224001,2022-11-25 22:18:38
22656000.0,0.00028177,0,1669414718224000,2022-11-25 22:18:38
22656000.0,0.00536491,0,1669414718153000,2022-11-25 22:18:38
22655000.0,0.01191723,1,1669414721762009,2022-11-25 22:18:41
22655000.0,0.00882807,1,1669414721762010,2022-11-25 22:18:41
22655000.0,0.0132421,1,1669414721762011,2022-11-25 22:18:41
22655000.0,0.01204037,1,1669414721762013,2022-11-25 22:18:41
22655000.0,0.047,1,1669414721762012,2022-11-25 22:18:41
22655000.0,0.00132421,1,1669414721762015,2022-11-25 22:18:41
22655000.0,0.00176133,1,1669414721762016,2022-11-25 22:18:41
22655000.0,0.00441403,1,1669414721762017,2022-11-25 22:18:41
22655000.0,0.00022511,1,1669414721762018,2022-11-25 22:18:41
22655000.0,0.00441403,1,1669414721762014,2022-11-25 22:18:41
22655000.0,0.00466951,0,1669414722942000,2022-11-25 22:18:42
22655000.0,0.00586612,0,1669414722781000,2022-11-25 22:18:42
22655000.0,0.41739018,0,1669414724558000,2022-11-25 22:18:44
22654000.0,0.00022512,1,1669414724378001,2022-11-25 22:18:44
22654000.0,0.00081189,1,1669414724378000,2022-11-25 22:18:44
22655000.0,0.00185423,1,1669414730947000,2022-11-25 22:18:50
22656000.0,0.00882326,0,1669414731500000,2022-11-25 22:18:51
22655000.0,0.01544514,1,1669414733858000,2022-11-25 22:18:53
22656000.0,0.007,0,1669414734464000,2022-11-25 22:18:54
22655000.0,0.005,1,1669414734443000,2022-11-25 22:18:54
22656000.0,0.00044138,0,1669414742502000,2022-11-25 22:19:02
22656000.0,0.0002251,0,1669414752967000,2022-11-25 22:19:12
22656000.0,0.0094,0,1669414773027000,2022-11-25 22:19:33
22656000.0,0.00382637,0,1669414774196003,2022-11-25 22:19:34
22656000.0,0.00529662,0,1669414774196002,2022-11-25 22:19:34
22656000.0,0.00884414,0,1669414774196001,2022-11-25 22:19:34
22656000.0,0.00348517,0,1669414774196000,2022-11-25 22:19:34
22656000.0,0.0148,0,1669414775021000,2022-11-25 22:19:35
22656000.0,0.0499,0,1669414777232000,2022-11-25 22:19:37
22656000.0,0.01653208,0,1669414778464000,2022-11-25 22:19:38
22656000.0,0.016,0,1669414778899000,2022-11-25 22:19:38
22656000.0,0.01259671,0,1669414778129000,2022-11-25 22:19:38
22656000.0,0.01252145,0,1669414778023000,2022-11-25 22:19:38
22656000.0,0.0654,0,1669414779237000,2022-11-25 22:19:39
22656000.0,0.00920617,0,1669414780737000,2022-11-25 22:19:40
22656000.0,0.00911749,0,1669414780687000,2022-11-25 22:19:40
22656000.0,0.022558,0,1669414781223001,2022-11-25 22:19:41
22656000.0,0.097842,0,1669414781223000,2022-11-25 22:19:41
22657000.0,0.04108697,0,1669414783222001,2022-11-25 22:19:43
22656000.0,1.303e-05,0,1669414783222000,2022-11-25 22:19:43
22657000.0,0.0977,0,1669414785237000,2022-11-25 22:19:45
22657000.0,0.00642,0,1669414792889000,2022-11-25 22:19:52
22657000.0,0.00130063,0,1669414793283000,2022-11-25 22:19:53
22659000.0,0.00555568,0,1669414793513000,2022-11-25 22:19:53
22659000.0,0.00444929,0,1669414795094000,2022-11-25 22:19:55
22659000.0,0.013,0,1669414797248000,2022-11-25 22:19:57
22659000.0,0.00650139,0,1669414797201000,2022-11-25 22:19:57
22659000.0,0.00642508,0,1669414797137000,2022-11-25 22:19:57
22659000.0,0.0155,0,1669414799267000,2022-11-25 22:19:59
22659000.0,0.0533,0,1669414801234000,2022-11-25 22:20:01
22659000.0,0.00341776,0,1669414801281000,2022-11-25 22:20:01
22659000.0,0.1786,0,1669414803296000,2022-11-25 22:20:03
22659000.0,0.04828325,0,1669414805307000,2022-11-25 22:20:05
22659000.0,0.1809,0,1669414805259000,2022-11-25 22:20:05
22659000.0,0.30877363,0,1669414806143000,2022-11-25 22:20:06
22657000.0,0.00441365,0,1669414814952001,2022-11-25 22:20:14
22659000.0,0.00185635,0,1669414814952000,2022-11-25 22:20:14
22659000.0,0.04413257,0,1669414815361000,2022-11-25 22:20:15
22659000.0,0.4409,0,1669414816032000,2022-11-25 22:20:16
22659000.0,0.00044132,0,1669414818208000,2022-11-25 22:20:18
22655000.0,0.0015,1,1669414826806002,2022-11-25 22:20:26
22655000.0,0.09935392,1,1669414826806001,2022-11-25 22:20:26
22655000.0,0.00022511,1,1669414826806000,2022-11-25 22:20:26
22655000.0,0.00882807,0,1669414830914000,2022-11-25 22:20:30
22655000.0,0.02,0,1669414830694000,2022-11-25 22:20:30
22654000.0,0.00047061,1,1669414830005000,2022-11-25 22:20:30
22655000.0,0.00810418,0,1669414833259000,2022-11-25 22:20:33
22655000.0,0.009,0,1669414837409000,2022-11-25 22:20:37
22654000.0,0.00042355,1,1669414839652000,2022-11-25 22:20:39
22654000.0,0.01,1,1669414854338000,2022-11-25 22:20:54
22655000.0,0.00942396,0,1669414858079001,2022-11-25 22:20:58
22659000.0,0.0005574,0,1669414858079000,2022-11-25 22:20:58
22654000.0,0.00022512,1,1669414863480000,2022-11-25 22:21:03
22654000.0,0.00044142,1,1669414863480002,2022-11-25 22:21:03
22654000.0,0.005,1,1669414863480003,2022-11-25 22:21:03
22654000.0,0.00153002,1,1669414863480001,2022-11-25 22:21:03
22654000.0,0.0005,1,1669414863480005,2022-11-25 22:21:03
22654000.0,0.00441423,1,1669414863480006,2022-11-25 22:21:03
22654000.0,0.01,0,1669414863728000,2022-11-25 22:21:03
22654000.0,0.01323607,1,1669414863480004,2022-11-25 22:21:03
22654000.0,1.786e-05,0,1669414865772001,2022-11-25 22:21:05
22659000.0,0.00198214,0,1669414865772000,2022-11-25 22:21:05
22654000.0,0.0825,0,1669414865727000,2022-11-25 22:21:05
22653000.0,0.00038119,1,1669414866039000,2022-11-25 22:21:06
22659000.0,0.0355,0,1669414869677000,2022-11-25 22:21:09
22653000.0,0.06478065,1,1669414873190002,2022-11-25 22:21:13
22653000.0,0.02858159,1,1669414873190000,2022-11-25 22:21:13
22653000.0,0.00044122,1,1669414873190001,2022-11-25 22:21:13
22653000.0,0.00404964,1,1669414873190004,2022-11-25 22:21:13
22653000.0,0.0176577,1,1669414873190003,2022-11-25 22:21:13
22653000.0,0.00044144,1,1669414873190006,2022-11-25 22:21:13
22653000.0,0.00022513,1,1669414873190005,2022-11-25 22:21:13
22653000.0,0.003,1,1669414873190007,2022-11-25 22:21:13
22653000.0,0.02648655,1,1669414873190008,2022-11-25 22:21:13
22653000.0,0.00022513,1,1669414873190009,2022-11-25 22:21:13
22653000.0,0.00215759,1,1669414881400000,2022-11-25 22:21:21
22659000.0,0.0495,0,1669414884901000,2022-11-25 22:21:24
22659000.0,0.00341538,0,1669414890573000,2022-11-25 22:21:30
22653000.0,0.00034307,1,1669414891832000,2022-11-25 22:21:31
22659000.0,0.00110545,0,1669414892838000,2022-11-25 22:21:32
22659000.0,0.04242848,0,1669414899977001,2022-11-25 22:21:39
22658000.0,0.00337152,0,1669414899977000,2022-11-25 22:21:39
22653000.0,0.00030877,1,1669414902948000,2022-11-25 22:21:42
22659000.0,0.02206628,0,1669414903385000,2022-11-25 22:21:43
22659000.0,0.01077998,0,1669414906745000,2022-11-25 22:21:46
22659000.0,0.06165227,0,1669414906705000,2022-11-25 22:21:46
22659000.0,0.01284687,0,1669414907713000,2022-11-25 22:21:47
22659000.0,0.00790137,0,1669414907451000,2022-11-25 22:21:47
22659000.0,0.00307762,0,1669414908119000,2022-11-25 22:21:48
22659000.0,0.00906725,0,1669414908597000,2022-11-25 22:21:48
22654000.0,0.00027789,1,1669414916135000,2022-11-25 22:21:56
22659000.0,0.00044101,0,1669414917080000,2022-11-25 22:21:57
22659000.0,0.00082399,0,1669414918674000,2022-11-25 22:21:58
22654000.0,0.0002501,1,1669414919557000,2022-11-25 22:21:59
22654000.0,0.003,1,1669414921805000,2022-11-25 22:22:01
22654000.0,0.00065,1,1669414921853000,2022-11-25 22:22:01
22659000.0,0.00952866,0,1669414922117000,2022-11-25 22:22:02
22654000.0,0.00022509,1,1669414923767000,2022-11-25 22:22:03
22659000.0,0.00065052,0,1669414924038000,2022-11-25 22:22:04
22659000.0,0.04418616,0,1669414925254000,2022-11-25 22:22:05
22654000.0,0.00050646,1,1669414930236000,2022-11-25 22:22:10
22659000.0,0.00022286,0,1669414933094000,2022-11-25 22:22:13
22654000.0,0.01904044,1,1669414933859000,2022-11-25 22:22:13
22654000.0,0.0251494,1,1669414937224000,2022-11-25 22:22:17
22654000.0,0.00260199,0,1669414941394000,2022-11-25 22:22:21
22654000.0,0.00625157,1,1669414942273002,2022-11-25 22:22:22
22653000.0,0.01769123,1,1669414942273001,2022-11-25 22:22:22
22653000.0,0.0193352,1,1669414942273000,2022-11-25 22:22:22
22659000.0,0.00022507,0,1669414945019000,2022-11-25 22:22:25
22653000.0,0.0006648,1,1669414948747001,2022-11-25 22:22:28
22653000.0,0.00885542,1,1669414948747000,2022-11-25 22:22:28
22652000.0,0.00022514,1,1669414954828004,2022-11-25 22:22:34
22652000.0,0.00044154,1,1669414954828003,2022-11-25 22:22:34
22651000.0,0.002,1,1669414954828002,2022-11-25 22:22:34
22653000.0,0.00116477,1,1669414954828001,2022-11-25 22:22:34
22651000.0,0.00785875,1,1669414954828000,2022-11-25 22:22:34
22655000.0,0.0238988,1,1669414958963000,2022-11-25 22:22:38
22650000.0,0.0004,1,1669414959563005,2022-11-25 22:22:39
22650000.0,0.0784913,1,1669414959563006,2022-11-25 22:22:39
22650000.0,0.02202352,1,1669414959563007,2022-11-25 22:22:39
22651000.0,0.00022515,1,1669414959563008,2022-11-25 22:22:39
22650000.0,0.0603091,1,1669414959563009,2022-11-25 22:22:39
22650000.0,0.05300365,1,1669414959563012,2022-11-25 22:22:39
22650000.0,0.0004415,1,1669414959563011,2022-11-25 22:22:39
22651000.0,0.04960795,1,1669414959563010,2022-11-25 22:22:39
22650000.0,0.00441501,1,1669414959563013,2022-11-25 22:22:39
22651000.0,0.06261308,1,1669414959563014,2022-11-25 22:22:39
22655000.0,0.00441325,0,1669414961144000,2022-11-25 22:22:41
22655000.0,0.017,0,1669414967292000,2022-11-25 22:22:47
22659000.0,0.0043965,0,1669414969464001,2022-11-25 22:22:49
22655000.0,1.676e-05,0,1669414969464000,2022-11-25 22:22:49
22650000.0,0.01496998,1,1669414973895000,2022-11-25 22:22:53
22659000.0,0.01324065,0,1669414976662000,2022-11-25 22:22:56
22659000.0,0.02870033,0,1669415005469000,2022-11-25 22:23:25
22653000.0,0.00220663,1,1669415014672000,2022-11-25 22:23:34
22659000.0,0.00044132,0,1669415018366000,2022-11-25 22:23:38
22653000.0,0.00299867,1,1669415022977000,2022-11-25 22:23:42
22659000.0,0.0002207,0,1669415028884000,2022-11-25 22:23:48
22653000.0,0.01282675,1,1669415028387000,2022-11-25 22:23:48
22653000.0,0.00992903,1,1669415033458001,2022-11-25 22:23:53
22653000.0,0.02196795,1,1669415033458000,2022-11-25 22:23:53
22653000.0,0.01652409,1,1669415037127000,2022-11-25 22:23:57
22653000.0,0.00665508,1,1669415042899000,2022-11-25 22:24:02
22653000.0,0.0117,0,1669415044496000,2022-11-25 22:24:04
22653000.0,2.143e-05,0,1669415057030000,2022-11-25 22:24:17
22659000.0,0.02071144,0,1669415057979000,2022-11-25 22:24:17
22659000.0,0.13827721,0,1669415060081000,2022-11-25 22:24:20
22659000.0,0.044,0,1669415084913000,2022-11-25 22:24:44
22659000.0,0.02206628,0,1669415086526000,2022-11-25 22:24:46
22653000.0,0.0812,0,1669415087114000,2022-11-25 22:24:47
22653000.0,0.01322184,1,1669415087025000,2022-11-25 22:24:47
22653000.0,0.0347,0,1669415089175000,2022-11-25 22:24:49
22659000.0,0.00497668,0,1669415093807001,2022-11-25 22:24:53
22653000.0,6.651e-05,0,1669415093807000,2022-11-25 22:24:53
22659000.0,0.0715,0,1669415094052000,2022-11-25 22:24:54
22659000.0,0.23501239,0,1669415097650000,2022-11-25 22:24:57
22659000.0,0.18486372,0,1669415097650002,2022-11-25 22:24:57
22659000.0,0.02212389,0,1669415097650001,2022-11-25 22:24:57
22659000.0,0.00113106,0,1669415101494000,2022-11-25 22:25:01
22659000.0,0.00220662,0,1669415108855000,2022-11-25 22:25:08
22659000.0,0.0698,0,1669415108566000,2022-11-25 22:25:08
22659000.0,0.04,0,1669415110588000,2022-11-25 22:25:10
22659000.0,0.0116,0,1669415112578000,2022-11-25 22:25:12
22659000.0,0.0124,0,1669415114599000,2022-11-25 22:25:14
22659000.0,0.00882651,0,1669415114540000,2022-11-25 22:25:14
22659000.0,0.60626269,0,1669415115024000,2022-11-25 22:25:15
22659000.0,0.0301,0,1669415120807000,2022-11-25 22:25:20
22654000.0,0.10931315,1,1669415122497000,2022-11-25 22:25:22
22654000.0,0.07073603,0,1669415122767000,2022-11-25 22:25:22
22659000.0,0.056,0,1669415124081000,2022-11-25 22:25:24
22659000.0,0.0122,0,1669415126620000,2022-11-25 22:25:26
22659000.0,0.005,0,1669415127335000,2022-11-25 22:25:27
22659000.0,0.00226525,0,1669415128019000,2022-11-25 22:25:28
22659000.0,0.0755,0,1669415128596000,2022-11-25 22:25:28
22659000.0,0.0242,0,1669415131184000,2022-11-25 22:25:31
22659000.0,0.029,0,1669415132758000,2022-11-25 22:25:32
22659000.0,0.0135,0,1669415133192000,2022-11-25 22:25:33
22653000.0,0.01315537,1,1669415135576001,2022-11-25 22:25:35
22653000.0,0.0125495,1,1669415135576000,2022-11-25 22:25:35
22659000.0,0.009,0,1669415135198000,2022-11-25 22:25:35
22659000.0,0.0133,0,1669415137190000,2022-11-25 22:25:37
22659000.0,0.1,0,1669415138998000,2022-11-25 22:25:38
22663000.0,0.0151,0,1669415139196000,2022-11-25 22:25:39
22659000.0,0.03275303,0,1669415139161000,2022-11-25 22:25:39
22659000.0,0.006,0,1669415139086000,2022-11-25 22:25:39
22659000.0,0.06124697,0,1669415139040002,2022-11-25 22:25:39
22659000.0,0.00218709,0,1669415139040001,2022-11-25 22:25:39
22659000.0,0.18390834,0,1669415139040000,2022-11-25 22:25:39
22663000.0,0.00152958,0,1669415140205000,2022-11-25 22:25:40
22666000.0,0.0366,0,1669415143819000,2022-11-25 22:25:43
22666000.0,0.06213108,0,1669415143860000,2022-11-25 22:25:43
22666000.0,0.01172416,0,1669415144014000,2022-11-25 22:25:44
22668000.0,0.00935655,1,1669415148971000,2022-11-25 22:25:48
22668000.0,0.09249366,0,1669415148333000,2022-11-25 22:25:48
22663000.0,0.012,0,1669415153420000,2022-11-25 22:25:53
22663000.0,0.07150803,0,1669415153420001,2022-11-25 22:25:53
22663000.0,0.09523869,0,1669415153547000,2022-11-25 22:25:53
22680000.0,0.02634865,0,1669415153710000,2022-11-25 22:25:53
22663000.0,0.2373,0,1669415153367000,2022-11-25 22:25:53
22663000.0,0.08824956,1,1669415153237000,2022-11-25 22:25:53
22664000.0,0.7133,1,1669415153237001,2022-11-25 22:25:53
22663000.0,1.019,1,1669415153237002,2022-11-25 22:25:53
22671000.0,0.00065135,0,1669415153710001,2022-11-25 22:25:53
22672000.0,0.1,1,1669415160180000,2022-11-25 22:26:00
22680000.0,0.00276666,0,1669415161790000,2022-11-25 22:26:01
22680000.0,0.26441807,0,1669415167975000,2022-11-25 22:26:07
22680000.0,0.04397,0,1669415168213000,2022-11-25 22:26:08
22680000.0,0.2169,0,1669415168116000,2022-11-25 22:26:08
22680000.0,0.00026014,0,1669415172375000,2022-11-25 22:26:12
22680000.0,0.00026014,0,1669415172304000,2022-11-25 22:26:12
22673000.0,0.04948051,1,1669415179942000,2022-11-25 22:26:19
22680000.0,0.023,0,1669415184454000,2022-11-25 22:26:24
22673000.0,0.00187234,1,1669415188825000,2022-11-25 22:26:28
22673000.0,0.01222391,1,1669415194042000,2022-11-25 22:26:34
22673000.0,0.00044083,1,1669415194042001,2022-11-25 22:26:34
22673000.0,0.87118587,1,1669415194042002,2022-11-25 22:26:34
22680000.0,0.00622476,0,1669415199028000,2022-11-25 22:26:39
22680000.0,0.00090947,0,1669415205684000,2022-11-25 22:26:45
22680000.0,0.176,0,1669415216925000,2022-11-25 22:26:56
22672000.0,0.08407088,1,1669415218280000,2022-11-25 22:26:58
22672000.0,0.00660105,1,1669415220024001,2022-11-25 22:27:00
22672000.0,0.01144763,1,1669415220024000,2022-11-25 22:27:00
22680000.0,0.00847,0,1669415221630000,2022-11-25 22:27:01
22680000.0,0.00847,0,1669415222589000,2022-11-25 22:27:02
22680000.0,0.00847,0,1669415223576000,2022-11-25 22:27:03
22680000.0,0.60675297,0,1669415226583000,2022-11-25 22:27:06
22680000.0,0.00847,0,1669415227546000,2022-11-25 22:27:07
22680000.0,0.01389529,0,1669415230819000,2022-11-25 22:27:10
22680000.0,0.01362321,0,1669415232938000,2022-11-25 22:27:12
22680000.0,0.06890139,0,1669415234235000,2022-11-25 22:27:14
22672000.0,0.02780269,1,1669415236259000,2022-11-25 22:27:16
22680000.0,0.00220458,0,1669415238767000,2022-11-25 22:27:18
22680000.0,0.008,0,1669415241187000,2022-11-25 22:27:21
22680000.0,0.012,0,1669415243562000,2022-11-25 22:27:23
22680000.0,0.006,0,1669415245000000,2022-11-25 22:27:25
22680000.0,0.0775,0,1669415252134000,2022-11-25 22:27:32
22679000.0,0.009,0,1669415258043000,2022-11-25 22:27:38
22679000.0,0.001,0,1669415261289000,2022-11-25 22:27:41
22679000.0,0.007,0,1669415263727000,2022-11-25 22:27:43
22679000.0,0.01398558,0,1669415264201001,2022-11-25 22:27:44
22680000.0,0.19051997,0,1669415264201000,2022-11-25 22:27:44
22680000.0,0.10094353,0,1669415268025002,2022-11-25 22:27:48
22680000.0,0.09705568,0,1669415268025001,2022-11-25 22:27:48
22680000.0,0.01600079,0,1669415268025000,2022-11-25 22:27:48
22680000.0,0.15026314,0,1669415273732000,2022-11-25 22:27:53
22680000.0,0.01,0,1669415274130000,2022-11-25 22:27:54
22680000.0,0.029,0,1669415278562000,2022-11-25 22:27:58
22680000.0,0.0004406,0,1669415280936000,2022-11-25 22:28:00
22680000.0,0.06766497,0,1669415283278000,2022-11-25 22:28:03
22680000.0,0.133,0,1669415288900000,2022-11-25 22:28:08
22680000.0,0.00044091,0,1669415290677000,2022-11-25 22:28:10
22669000.0,0.0207,0,1669415291974000,2022-11-25 22:28:11
22671000.0,0.00176813,1,1669415291851002,2022-11-25 22:28:11
22671000.0,0.001,1,1669415291851001,2022-11-25 22:28:11
22671000.0,0.00044109,1,1669415291851000,2022-11-25 22:28:11
22669000.0,0.01009,0,1669415292037001,2022-11-25 22:28:12
22669000.0,0.00220458,0,1669415292037000,2022-11-25 22:28:12
22669000.0,0.02131,0,1669415292332000,2022-11-25 22:28:12
22669000.0,0.00542915,0,1669415293919000,2022-11-25 22:28:13
22669000.0,0.07158651,0,1669415293009000,2022-11-25 22:28:13
22669000.0,0.01032303,0,1669415294168000,2022-11-25 22:28:14
22669000.0,0.01488,0,1669415294965000,2022-11-25 22:28:14
22669000.0,0.0226,0,1669415294786000,2022-11-25 22:28:14
22669000.0,0.00689565,0,1669415294267000,2022-11-25 22:28:14
22669000.0,0.00684878,0,1669415295872000,2022-11-25 22:28:15
22669000.0,0.0267,0,1669415300785000,2022-11-25 22:28:20
22669000.0,0.03219,0,1669415301370000,2022-11-25 22:28:21
22669000.0,0.0537,0,1669415304798000,2022-11-25 22:28:24
22669000.0,0.0144,0,1669415306067000,2022-11-25 22:28:26
22669000.0,0.0171,0,1669415306818000,2022-11-25 22:28:26
22669000.0,0.00220455,0,1669415307331000,2022-11-25 22:28:27
22669000.0,0.031,0,1669415308808000,2022-11-25 22:28:28
22669000.0,0.018,0,1669415309875000,2022-11-25 22:28:29
22669000.0,0.056,0,1669415309053000,2022-11-25 22:28:29
22669000.0,0.015,0,1669415310814000,2022-11-25 22:28:30
22669000.0,0.01013976,0,1669415310370000,2022-11-25 22:28:30
22669000.0,0.01008858,0,1669415310328000,2022-11-25 22:28:30
22669000.0,0.00796372,0,1669415311989000,2022-11-25 22:28:31
22669000.0,0.035,0,1669415312055001,2022-11-25 22:28:32
22669000.0,0.01867189,0,1669415312055000,2022-11-25 22:28:32
22669000.0,0.0324,0,1669415312827000,2022-11-25 22:28:32
22669000.0,0.133,0,1669415313900000,2022-11-25 22:28:33
22669000.0,0.00550231,0,1669415314659000,2022-11-25 22:28:34
22669000.0,0.01924722,0,1669415315575000,2022-11-25 22:28:35
22669000.0,0.00892298,0,1669415315447000,2022-11-25 22:28:35
22669000.0,0.01322615,0,1669415315148000,2022-11-25 22:28:35
22669000.0,0.0083674,0,1669415317069000,2022-11-25 22:28:37
22669000.0,0.006,0,1669415317517000,2022-11-25 22:28:37
22669000.0,0.0323,0,1669415318139000,2022-11-25 22:28:38
22680000.0,0.09934974,0,1669415318991001,2022-11-25 22:28:38
22669000.0,0.01065026,0,1669415318991000,2022-11-25 22:28:38
22680000.0,0.04404762,0,1669415326146000,2022-11-25 22:28:46
22669000.0,0.00024262,0,1669415328592000,2022-11-25 22:28:48
22666000.0,0.00408177,1,1669415336660000,2022-11-25 22:28:56
22669000.0,0.00054232,0,1669415341215000,2022-11-25 22:29:01
22680000.0,0.01145768,0,1669415341215001,2022-11-25 22:29:01
22680000.0,0.00066137,0,1669415345328000,2022-11-25 22:29:05
22680000.0,0.012,0,1669415352982000,2022-11-25 22:29:12
22680000.0,0.00026455,0,1669415370186000,2022-11-25 22:29:30
22680000.0,0.04409171,0,1669415370456000,2022-11-25 22:29:30
22680000.0,0.00880953,0,1669415371463000,2022-11-25 22:29:31
22680000.0,0.016,0,1669415372671000,2022-11-25 22:29:32
22680000.0,0.023,0,1669415381788000,2022-11-25 22:29:41
22679000.0,0.023,0,1669415390625000,2022-11-25 22:29:50
22666000.0,0.00031833,1,1669415390433000,2022-11-25 22:29:50
22679000.0,0.00440477,0,1669415393604000,2022-11-25 22:29:53
22679000.0,0.00880953,0,1669415395698000,2022-11-25 22:29:55
22679000.0,0.096,0,1669415396595000,2022-11-25 22:29:56
22679000.0,0.009,0,1669415403791000,2022-11-25 22:30:03
22679000.0,0.07379191,0,1669415408746001,2022-11-25 22:30:08
22680000.0,0.12140152,0,1669415408746000,2022-11-25 22:30:08
22679000.0,0.05221,0,1669415408604000,2022-11-25 22:30:08
22680000.0,0.011,0,1669415412541000,2022-11-25 22:30:12
22680000.0,0.00440477,0,1669415413048000,2022-11-25 22:30:13
22680000.0,0.01321429,0,1669415421865000,2022-11-25 22:30:21
22680000.0,0.0925,0,1669415423794000,2022-11-25 22:30:23
22679000.0,0.065,0,1669415445601000,2022-11-25 22:30:45
22679000.0,0.051,0,1669415451841000,2022-11-25 22:30:51
22672000.0,0.05532673,1,1669415465645000,2022-11-25 22:31:05
22666000.0,0.01675384,1,1669415465645001,2022-11-25 22:31:05
22679000.0,0.00088187,0,1669415468434000,2022-11-25 22:31:08
22679000.0,0.01730086,0,1669415480268001,2022-11-25 22:31:20
22679000.0,0.10604079,0,1669415480268000,2022-11-25 22:31:20
22679000.0,0.00188445,0,1669415492805000,2022-11-25 22:31:32
22679000.0,0.00440936,0,1669415493970000,2022-11-25 22:31:33
22679000.0,0.002,0,1669415497999000,2022-11-25 22:31:37
22679000.0,0.6436196,0,1669415513407002,2022-11-25 22:31:53
22679000.0,0.00592308,0,1669415513407001,2022-11-25 22:31:53
22679000.0,0.1441431,0,1669415513407000,2022-11-25 22:31:53
22679000.0,0.03703867,0,1669415534896000,2022-11-25 22:32:14
22679000.0,0.09558729,0,1669415538151000,2022-11-25 22:32:18
22679000.0,0.02957082,0,1669415542890000,2022-11-25 22:32:22
22679000.0,0.0484809,0,1669415543959000,2022-11-25 22:32:23
22679000.0,0.00130147,0,1669415547513000,2022-11-25 22:32:27
22668000.0,0.03609878,1,1669415549398000,2022-11-25 22:32:29
22679000.0,0.00044093,0,1669415550092000,2022-11-25 22:32:30
22668000.0,0.00022061,1,1669415558977001,2022-11-25 22:32:38
22668000.0,0.00799986,1,1669415558977000,2022-11-25 22:32:38
22679000.0,0.01963165,0,1669415558816000,2022-11-25 22:32:38
22666000.0,0.0026455,1,1669415561562000,2022-11-25 22:32:41
22666000.0,0.00821807,1,1669415561562001,2022-11-25 22:32:41
22666000.0,0.09124757,1,1669415561562003,2022-11-25 22:32:41
22666000.0,0.0002228,1,1669415561562002,2022-11-25 22:32:41
22679000.0,0.03904589,0,1669415564888001,2022-11-25 22:32:44
22668000.0,0.01595411,0,1669415564888000,2022-11-25 22:32:44
22679000.0,0.24217932,0,1669415582746000,2022-11-25 22:33:02
22666000.0,0.07055503,1,1669415583908000,2022-11-25 22:33:03
22666000.0,0.00024337,1,1669415583908004,2022-11-25 22:33:03
22666000.0,0.07803992,1,1669415583908003,2022-11-25 22:33:03
22666000.0,0.00398944,1,1669415583908002,2022-11-25 22:33:03
22666000.0,0.02205947,1,1669415583908001,2022-11-25 22:33:03
22666000.0,0.0146,0,1669415584837000,2022-11-25 22:33:04
22679000.0,0.00043548,0,1669415587229000,2022-11-25 22:33:07
22666000.0,2.623e-05,0,1669415587229001,2022-11-25 22:33:07
22665000.0,0.08419473,1,1669415595607003,2022-11-25 22:33:15
22665000.0,0.00158786,1,1669415595607002,2022-11-25 22:33:15
22665000.0,0.00941507,1,1669415595607001,2022-11-25 22:33:15
22666000.0,0.01251784,1,1669415595607000,2022-11-25 22:33:15
22665000.0,0.00683825,1,1669415604817000,2022-11-25 22:33:24
22665000.0,0.11198375,1,1669415609818000,2022-11-25 22:33:29
22665000.0,0.00248303,1,1669415611058000,2022-11-25 22:33:31
22679000.0,0.00066105,0,1669415619682000,2022-11-25 22:33:39
22679000.0,0.11090336,0,1669415620476000,2022-11-25 22:33:40
22679000.0,0.04409365,0,1669415630410000,2022-11-25 22:33:50
22679000.0,0.04,0,1669415630648000,2022-11-25 22:33:50
22679000.0,0.00093165,0,1669415641493000,2022-11-25 22:34:01
22665000.0,0.01449263,1,1669415645434000,2022-11-25 22:34:05
22665000.0,0.06909525,1,1669415652711000,2022-11-25 22:34:12
22665000.0,0.0012274,1,1669415659556000,2022-11-25 22:34:19
22679000.0,0.00186763,0,1669415661890000,2022-11-25 22:34:21
22666000.0,0.07567731,1,1669415680722000,2022-11-25 22:34:40
22679000.0,0.04464323,0,1669415683005000,2022-11-25 22:34:43
22679000.0,0.00044093,0,1669415693743000,2022-11-25 22:34:53
22679000.0,0.26273824,0,1669415699343000,2022-11-25 22:34:59
22666000.0,0.0033662,1,1669415705873000,2022-11-25 22:35:05
22679000.0,0.00088143,0,1669415706515000,2022-11-25 22:35:06
22665000.0,0.03936215,1,1669415712696001,2022-11-25 22:35:12
22665000.0,0.07129546,1,1669415712696000,2022-11-25 22:35:12
22666000.0,0.01694198,1,1669415712696002,2022-11-25 22:35:12
22666000.0,0.03874291,1,1669415712696005,2022-11-25 22:35:12
22666000.0,0.12380221,1,1669415712696004,2022-11-25 22:35:12
22666000.0,0.00027779,1,1669415712696003,2022-11-25 22:35:12
22665000.0,0.0220546,1,1669415713140000,2022-11-25 22:35:13
22679000.0,0.00344299,0,1669415732100000,2022-11-25 22:35:32
22665000.0,0.01499986,1,1669415732881000,2022-11-25 22:35:32
22679000.0,0.01002,0,1669415735122000,2022-11-25 22:35:35
22679000.0,0.00529,0,1669415738505000,2022-11-25 22:35:38
22679000.0,0.01,0,1669415751292002,2022-11-25 22:35:51
22679000.0,0.00188415,0,1669415751292001,2022-11-25 22:35:51
22679000.0,0.03208702,0,1669415751292000,2022-11-25 22:35:51
22665000.0,0.00028064,1,1669415754622000,2022-11-25 22:35:54
22666000.0,0.00088237,1,1669415754622001,2022-11-25 22:35:54
22665000.0,0.0004412,1,1669415754622002,2022-11-25 22:35:54
22665000.0,0.05594606,1,1669415754622003,2022-11-25 22:35:54
22665000.0,0.00882417,1,1669415754622004,2022-11-25 22:35:54
22665000.0,0.06766497,1,1669415760104000,2022-11-25 22:36:00
22678000.0,0.01402863,0,1669415761385001,2022-11-25 22:36:01
22679000.0,0.03006564,0,1669415761385000,2022-11-25 22:36:01
22679000.0,0.00026015,0,1669415769824000,2022-11-25 22:36:09
22679000.0,0.00026015,0,1669415769685000,2022-11-25 22:36:09
22665000.0,0.00969543,1,1669415780062001,2022-11-25 22:36:20
22665000.0,0.00423118,1,1669415780062000,2022-11-25 22:36:20
22679000.0,0.00881432,0,1669415792992000,2022-11-25 22:36:32
22679000.0,0.0220358,0,1669415799184000,2022-11-25 22:36:39
22679000.0,0.00820112,0,1669415800033000,2022-11-25 22:36:40
22679000.0,0.02202576,0,1669415821074000,2022-11-25 22:37:01
22665000.0,0.05036297,1,1669415822768003,2022-11-25 22:37:02
22665000.0,0.0004412,1,1669415822768002,2022-11-25 22:37:02
22665000.0,0.00441208,1,1669415822768001,2022-11-25 22:37:02
22665000.0,0.02403543,1,1669415822768000,2022-11-25 22:37:02
22679000.0,0.00880992,0,1669415830678000,2022-11-25 22:37:10
22678000.0,0.00220477,0,1669415838635000,2022-11-25 22:37:18
22665000.0,0.00485329,1,1669415843158002,2022-11-25 22:37:23
22665000.0,0.00785082,1,1669415843158001,2022-11-25 22:37:23
22665000.0,0.00179273,1,1669415843158000,2022-11-25 22:37:23
22665000.0,0.01323626,1,1669415847435001,2022-11-25 22:37:27
22662000.0,0.05878377,1,1669415847435002,2022-11-25 22:37:27
22665000.0,0.00088197,1,1669415847435003,2022-11-25 22:37:27
22665000.0,0.0003,1,1669415847435004,2022-11-25 22:37:27
22664000.0,0.5,1,1669415847435005,2022-11-25 22:37:27
22665000.0,0.00882417,1,1669415847435009,2022-11-25 22:37:27
22660000.0,0.00469841,1,1669415847435007,2022-11-25 22:37:27
22665000.0,0.02342274,1,1669415847435008,2022-11-25 22:37:27
22660000.0,0.02935041,1,1669415847435010,2022-11-25 22:37:27
22665000.0,0.05949621,1,1669415847435006,2022-11-25 22:37:27
22678000.0,0.01212837,0,1669415848808000,2022-11-25 22:37:28
22678000.0,0.07488426,0,1669415849031000,2022-11-25 22:37:29
22677000.0,0.09385647,0,1669415859226000,2022-11-25 22:37:39
22678000.0,0.0107826,0,1669415859226001,2022-11-25 22:37:39
22678000.0,0.08549254,1,1669415862618000,2022-11-25 22:37:42
22678000.0,0.01853049,1,1669415868785000,2022-11-25 22:37:48
22679000.0,0.00220468,0,1669415884704000,2022-11-25 22:38:04
22679000.0,0.00281593,0,1669415886855002,2022-11-25 22:38:06
22679000.0,0.12154668,0,1669415886855001,2022-11-25 22:38:06
22679000.0,0.03335641,0,1669415886855000,2022-11-25 22:38:06
22678000.0,0.00044095,1,1669415899519002,2022-11-25 22:38:19
22666000.0,0.01641386,1,1669415899519001,2022-11-25 22:38:19
22678000.0,0.01181589,1,1669415899519000,2022-11-25 22:38:19
22679000.0,0.02198561,0,1669415902316000,2022-11-25 22:38:22
22679000.0,0.00420195,0,1669415904959000,2022-11-25 22:38:24
22679000.0,0.00440716,0,1669415925954000,2022-11-25 22:38:45
22679000.0,0.13328545,0,1669415929457000,2022-11-25 22:38:49
22679000.0,0.041,0,1669415931967000,2022-11-25 22:38:51
22679000.0,0.00881432,0,1669415934460000,2022-11-25 22:38:54
22678000.0,0.00132286,0,1669415951404000,2022-11-25 22:39:11
22666000.0,0.02335263,1,1669415954318001,2022-11-25 22:39:14
22666000.0,0.02464365,1,1669415954318000,2022-11-25 22:39:14
22678000.0,0.00152959,1,1669415961146000,2022-11-25 22:39:21
22678000.0,0.00067519,1,1669415965096000,2022-11-25 22:39:25
22678000.0,0.0934367,0,1669415967786000,2022-11-25 22:39:27
22666000.0,0.02561646,1,1669415983568000,2022-11-25 22:39:43
22666000.0,0.00352775,1,1669415983568001,2022-11-25 22:39:43
22666000.0,0.00579,0,1669415983788000,2022-11-25 22:39:43
22666000.0,0.13489455,1,1669415983568002,2022-11-25 22:39:43
22666000.0,0.00714,0,1669415984833000,2022-11-25 22:39:44
22666000.0,0.0189,0,1669415984654000,2022-11-25 22:39:44
22666000.0,0.00768,0,1669415985733000,2022-11-25 22:39:45
22666000.0,0.00487587,0,1669415986143000,2022-11-25 22:39:46
22666000.0,0.02,0,1669415986712000,2022-11-25 22:39:46
22666000.0,0.00657,0,1669415986652000,2022-11-25 22:39:46
22666000.0,0.0803,0,1669415987364000,2022-11-25 22:39:47
22666000.0,0.01691518,0,1669415987876000,2022-11-25 22:39:47
22666000.0,0.1032,0,1669415988655000,2022-11-25 22:39:48
22666000.0,6.491e-05,0,1669415988933000,2022-11-25 22:39:48
22663000.0,0.008197,0,1669415997840000,2022-11-25 22:39:57
22663000.0,0.01454004,1,1669415997431001,2022-11-25 22:39:57
22663000.0,0.000222,1,1669415997431000,2022-11-25 22:39:57
22664000.0,0.0008917,1,1669416009960000,2022-11-25 22:40:09
22666000.0,0.004,1,1669416017704000,2022-11-25 22:40:17
22666000.0,0.0018,1,1669416020976001,2022-11-25 22:40:20
22665000.0,0.06802837,1,1669416020976000,2022-11-25 22:40:20
22679000.0,0.0008902,0,1669416022028000,2022-11-25 22:40:22
22678000.0,0.05142543,0,1669416033267000,2022-11-25 22:40:33
22665000.0,0.00342537,1,1669416039911000,2022-11-25 22:40:39
22665000.0,0.00897229,1,1669416048447000,2022-11-25 22:40:48
22677000.0,0.0017639,0,1669416048285000,2022-11-25 22:40:48
22665000.0,0.04982961,1,1669416056985000,2022-11-25 22:40:56
22665000.0,0.01468497,1,1669416057051000,2022-11-25 22:40:57
22667000.0,0.00879621,0,1669416073165000,2022-11-25 22:41:13
22667000.0,0.00877571,0,1669416073060000,2022-11-25 22:41:13
22667000.0,0.00501245,0,1669416082904000,2022-11-25 22:41:22
22667000.0,0.01815322,0,1669416082702000,2022-11-25 22:41:22
22667000.0,0.00088234,0,1669416084041000,2022-11-25 22:41:24
22667000.0,0.01398533,0,1669416090548000,2022-11-25 22:41:30
22667000.0,0.00874914,1,1669416098599000,2022-11-25 22:41:38
22677000.0,0.00044097,0,1669416101525000,2022-11-25 22:41:41
22667000.0,0.07868795,1,1669416102350000,2022-11-25 22:41:42
22677000.0,0.02159699,0,1669416107036000,2022-11-25 22:41:47
22676000.0,0.01,0,1669416122990000,2022-11-25 22:42:02
22676000.0,0.00239203,0,1669416129326000,2022-11-25 22:42:09
22667000.0,0.34990281,1,1669416136726002,2022-11-25 22:42:16
22668000.0,0.0044115,1,1669416136726001,2022-11-25 22:42:16
22668000.0,0.00882301,1,1669416136726000,2022-11-25 22:42:16
22676000.0,0.00044099,0,1669416137810000,2022-11-25 22:42:17
22677000.0,0.00279643,0,1669416142058001,2022-11-25 22:42:22
22676000.0,0.00720357,0,1669416142058000,2022-11-25 22:42:22
22668000.0,0.00053785,1,1669416147888000,2022-11-25 22:42:27
22668000.0,0.00882301,1,1669416150911000,2022-11-25 22:42:30
22668000.0,0.00399989,1,1669416150911001,2022-11-25 22:42:30
22668000.0,0.00830214,0,1669416162515000,2022-11-25 22:42:42
22668000.0,0.00220575,0,1669416167951000,2022-11-25 22:42:47
22668000.0,0.10502282,0,1669416168319000,2022-11-25 22:42:48
22668000.0,0.01,1,1669416173708000,2022-11-25 22:42:53
22668000.0,0.00210017,1,1669416183553000,2022-11-25 22:43:03
22668000.0,0.00087767,1,1669416184116000,2022-11-25 22:43:04
22668000.0,0.01200509,1,1669416185612000,2022-11-25 22:43:05
22668000.0,0.01960782,1,1669416186917002,2022-11-25 22:43:06
22668000.0,0.01079419,1,1669416186917001,2022-11-25 22:43:06
22668000.0,0.26959799,1,1669416186917000,2022-11-25 22:43:06
22668000.0,0.16506845,1,1669416191766000,2022-11-25 22:43:11
22668000.0,0.03498919,1,1669416193820000,2022-11-25 22:43:13
22669000.0,0.04118486,1,1669416194619000,2022-11-25 22:43:14
22669000.0,0.01598141,1,1669416208663000,2022-11-25 22:43:28
22670000.0,0.00415357,1,1669416229922000,2022-11-25 22:43:49
22670000.0,0.07060922,1,1669416231836003,2022-11-25 22:43:51
22669000.0,0.00881821,1,1669416231836002,2022-11-25 22:43:51
22669000.0,0.04411505,1,1669416231836001,2022-11-25 22:43:51
22669000.0,0.23001106,1,1669416231836000,2022-11-25 22:43:51
22669000.0,0.00022056,0,1669416233995000,2022-11-25 22:43:53
22669000.0,0.01,0,1669416234381000,2022-11-25 22:43:54
22668000.0,0.03566506,0,1669416237422000,2022-11-25 22:43:57
22668000.0,0.00755482,1,1669416237017000,2022-11-25 22:43:57
22668000.0,0.14281331,1,1669416237017002,2022-11-25 22:43:57
22668000.0,0.00022061,1,1669416237017001,2022-11-25 22:43:57
22668000.0,0.00882301,0,1669416238899000,2022-11-25 22:43:58
22668000.0,0.00044092,0,1669416242631000,2022-11-25 22:44:02
22667000.0,0.00198408,1,1669416242613000,2022-11-25 22:44:02
22667000.0,0.05588939,1,1669416245963000,2022-11-25 22:44:05
22667000.0,0.00683931,1,1669416245419001,2022-11-25 22:44:05
22667000.0,0.1621812,1,1669416245419000,2022-11-25 22:44:05
22668000.0,0.00541829,0,1669416250178000,2022-11-25 22:44:10
22668000.0,0.01013946,0,1669416251873001,2022-11-25 22:44:11
22668000.0,0.00192948,0,1669416251873000,2022-11-25 22:44:11
22668000.0,0.009,0,1669416251488000,2022-11-25 22:44:11
22669000.0,0.01209713,0,1669416253492000,2022-11-25 22:44:13
22667000.0,0.01575939,1,1669416254542000,2022-11-25 22:44:14
22667000.0,0.00176468,1,1669416256320000,2022-11-25 22:44:16
22667000.0,0.10343822,1,1669416262386000,2022-11-25 22:44:22
22667000.0,0.0023801,1,1669416266348000,2022-11-25 22:44:26
22669000.0,0.015,0,1669416268949000,2022-11-25 22:44:28
22669000.0,0.00882262,0,1669416271713000,2022-11-25 22:44:31
22669000.0,0.00882262,0,1669416274503000,2022-11-25 22:44:34
22667000.0,0.11474053,1,1669416276461000,2022-11-25 22:44:36
22667000.0,0.00774024,1,1669416281469000,2022-11-25 22:44:41
22667000.0,0.02679823,1,1669416291365000,2022-11-25 22:44:51
22667000.0,0.12119178,1,1669416295276000,2022-11-25 22:44:55
22667000.0,0.00590789,1,1669416295276001,2022-11-25 22:44:55
22667000.0,0.0026455,1,1669416302203000,2022-11-25 22:45:02
22667000.0,0.01,1,1669416302739000,2022-11-25 22:45:02
22669000.0,0.014,0,1669416304829000,2022-11-25 22:45:04
22669000.0,0.00444686,0,1669416306664000,2022-11-25 22:45:06
22669000.0,0.0003529,0,1669416310016000,2022-11-25 22:45:10
22669000.0,0.0013503,0,1669416324116000,2022-11-25 22:45:24
22668000.0,0.00691263,1,1669416330259000,2022-11-25 22:45:30
22669000.0,0.0681232,0,1669416331009000,2022-11-25 22:45:31
22669000.0,0.01056808,0,1669416335878000,2022-11-25 22:45:35
22669000.0,0.01331121,0,1669416336969000,2022-11-25 22:45:36
22669000.0,0.01571666,0,1669416336142000,2022-11-25 22:45:36
22669000.0,0.00606987,0,1669416337926000,2022-11-25 22:45:37
22669000.0,0.00957144,0,1669416338807000,2022-11-25 22:45:38
22669000.0,0.01021381,0,1669416339089000,2022-11-25 22:45:39
22668000.0,0.00882301,1,1669416340124001,2022-11-25 22:45:40
22668000.0,0.01690844,1,1669416340124000,2022-11-25 22:45:40
22668000.0,0.01838166,0,1669416347783000,2022-11-25 22:45:47
22668000.0,0.01636276,1,1669416348685000,2022-11-25 22:45:48
22667000.0,0.00419578,1,1669416349361002,2022-11-25 22:45:49
22667000.0,0.0035051,1,1669416349361001,2022-11-25 22:45:49
22668000.0,0.00457119,1,1669416349361000,2022-11-25 22:45:49
22667000.0,0.00319074,1,1669416349653000,2022-11-25 22:45:49
22668000.0,0.00490883,1,1669416349090000,2022-11-25 22:45:49
22667000.0,0.02871667,1,1669416350003000,2022-11-25 22:45:50
22669000.0,0.02305477,0,1669416360742001,2022-11-25 22:46:00
22668000.0,0.005,0,1669416360742000,2022-11-25 22:46:00
22667000.0,0.00610471,1,1669416360584000,2022-11-25 22:46:00
22667000.0,0.15791882,1,1669416362245001,2022-11-25 22:46:02
22667000.0,0.04602609,1,1669416362245000,2022-11-25 22:46:02
22667000.0,0.00701369,1,1669416363773000,2022-11-25 22:46:03
22667000.0,0.00526027,1,1669416364071000,2022-11-25 22:46:04
22667000.0,0.00157808,1,1669416364395000,2022-11-25 22:46:04
22667000.0,0.00355068,1,1669416365845000,2022-11-25 22:46:05
22667000.0,0.01065205,1,1669416366375000,2022-11-25 22:46:06
22667000.0,0.0096151,1,1669416371194000,2022-11-25 22:46:11
22669000.0,0.00026026,0,1669416372983000,2022-11-25 22:46:12
22669000.0,0.00026026,0,1669416372919000,2022-11-25 22:46:12
22669000.0,0.05678915,0,1669416373788002,2022-11-25 22:46:13
22669000.0,0.00372182,0,1669416373788001,2022-11-25 22:46:13
22669000.0,0.11570282,0,1669416373788000,2022-11-25 22:46:13
22669000.0,0.00421348,0,1669416379927000,2022-11-25 22:46:19
22669000.0,0.00583496,0,1669416391283001,2022-11-25 22:46:31
22669000.0,0.03124837,0,1669416391283000,2022-11-25 22:46:31
22678000.0,0.03486764,0,1669416398183000,2022-11-25 22:46:38
22678000.0,0.02080317,0,1669416398183001,2022-11-25 22:46:38
22678000.0,0.05,0,1669416398183002,2022-11-25 22:46:38
22678000.0,0.00022047,0,1669416401079000,2022-11-25 22:46:41
22669000.0,0.00064077,1,1669416402939000,2022-11-25 22:46:42
22678000.0,0.00881415,0,1669416402711000,2022-11-25 22:46:42
22669000.0,0.00709642,1,1669416406770000,2022-11-25 22:46:46
22669000.0,0.00313024,1,1669416409364000,2022-11-25 22:46:49
22669000.0,0.00655175,1,1669416417399000,2022-11-25 22:46:57
22669000.0,0.00115244,1,1669416419052001,2022-11-25 22:46:59
22669000.0,0.05605098,1,1669416419052000,2022-11-25 22:46:59
22669000.0,0.0094798,1,1669416419052003,2022-11-25 22:46:59
22669000.0,0.0778368,1,1669416419052002,2022-11-25 22:46:59
22669000.0,0.001,0,1669416426809000,2022-11-25 22:47:06
22669000.0,0.00044113,0,1669416428191000,2022-11-25 22:47:08
22669000.0,0.00091976,0,1669416436116000,2022-11-25 22:47:16
22669000.0,0.00088226,0,1669416437665000,2022-11-25 22:47:17
22667000.0,0.00514166,1,1669416447333000,2022-11-25 22:47:27
22669000.0,0.00559691,0,1669416453024000,2022-11-25 22:47:33
22667000.0,0.11269897,1,1669416455029000,2022-11-25 22:47:35
22667000.0,0.25237539,1,1669416457197000,2022-11-25 22:47:37
22667000.0,0.01648725,1,1669416458237000,2022-11-25 22:47:38
22669000.0,0.00781176,0,1669416466702000,2022-11-25 22:47:46
22669000.0,0.00026454,0,1669416478030000,2022-11-25 22:47:58
22669000.0,0.02,0,1669416482304000,2022-11-25 22:48:02
22669000.0,0.00825173,0,1669416499451000,2022-11-25 22:48:19
22669000.0,0.00827101,0,1669416501006000,2022-11-25 22:48:21
22669000.0,0.01458702,0,1669416513026001,2022-11-25 22:48:33
22669000.0,0.00161783,0,1669416513026000,2022-11-25 22:48:33
22675000.0,0.00138938,0,1669416521630000,2022-11-25 22:48:41
22675000.0,0.00110253,0,1669416532023000,2022-11-25 22:48:52
22675000.0,0.00143337,0,1669416540555000,2022-11-25 22:49:00
22675000.0,0.02450453,0,1669416561445000,2022-11-25 22:49:21
22669000.0,0.00882262,1,1669416562377000,2022-11-25 22:49:22
22669000.0,0.00264678,1,1669416562377002,2022-11-25 22:49:22
22669000.0,0.03231956,1,1669416562377001,2022-11-25 22:49:22
22667000.0,0.05896532,1,1669416562377004,2022-11-25 22:49:22
22669000.0,0.00214967,1,1669416562377003,2022-11-25 22:49:22
22667000.0,0.11642913,1,1669416568392000,2022-11-25 22:49:28
22675000.0,0.01719671,0,1669416571117000,2022-11-25 22:49:31
22668000.0,0.00509556,1,1669416571837000,2022-11-25 22:49:31
22668000.0,0.01730567,1,1669416576850001,2022-11-25 22:49:36
22667000.0,0.05085463,1,1669416576850000,2022-11-25 22:49:36
22675000.0,0.01243238,0,1669416583880000,2022-11-25 22:49:43
22675000.0,0.00559309,0,1669416585675000,2022-11-25 22:49:45
22675000.0,0.0062198,0,1669416592669000,2022-11-25 22:49:52
22675000.0,0.00881587,0,1669416593260000,2022-11-25 22:49:53
22675000.0,0.0603847,0,1669416599510000,2022-11-25 22:49:59
22675000.0,0.27306343,0,1669416599510001,2022-11-25 22:49:59
22675000.0,0.00132304,0,1669416599107000,2022-11-25 22:49:59
22675000.0,0.00882029,0,1669416599510002,2022-11-25 22:49:59
22675000.0,0.08479277,1,1669416601562000,2022-11-25 22:50:01
22678000.0,0.00487032,0,1669416605619000,2022-11-25 22:50:05
22675000.0,0.01014646,1,1669416607190000,2022-11-25 22:50:07
22678000.0,0.00403568,0,1669416616634000,2022-11-25 22:50:16
22678000.0,0.02613567,0,1669416622593000,2022-11-25 22:50:22
22678000.0,0.03877574,0,1669416622551000,2022-11-25 22:50:22
22678000.0,0.01067167,0,1669416622593001,2022-11-25 22:50:22
22678000.0,0.00220508,0,1669416622973000,2022-11-25 22:50:22
22678000.0,0.07386433,0,1669416622973001,2022-11-25 22:50:22
22678000.0,0.00180661,0,1669416622593002,2022-11-25 22:50:22
22679000.0,0.24200001,0,1669416624685000,2022-11-25 22:50:24
22675000.0,0.01436451,1,1669416624350001,2022-11-25 22:50:24
22678000.0,0.02460967,1,1669416624350000,2022-11-25 22:50:24
22679000.0,0.24200001,0,1669416631529000,2022-11-25 22:50:31
22679000.0,0.00499,0,1669416631334000,2022-11-25 22:50:31
22679000.0,0.24200001,0,1669416636086000,2022-11-25 22:50:36
22678000.0,0.00440955,1,1669416640582000,2022-11-25 22:50:40
22679000.0,0.23444041,0,1669416643632001,2022-11-25 22:50:43
22677000.0,0.0075596,0,1669416643632000,2022-11-25 22:50:43
22679000.0,0.00044093,0,1669416646481000,2022-11-25 22:50:46
22679000.0,0.00605001,0,1669416646644000,2022-11-25 22:50:46
22679000.0,0.04386,0,1669416649310000,2022-11-25 22:50:49
22679000.0,0.06655001,0,1669416651924000,2022-11-25 22:50:51
22679000.0,0.00963466,0,1669416651842000,2022-11-25 22:50:51
22679000.0,0.04386,0,1669416652911000,2022-11-25 22:50:52
22679000.0,0.17637461,0,1669416652630000,2022-11-25 22:50:52
22679000.0,0.00459551,0,1669416652371000,2022-11-25 22:50:52
22679000.0,0.04386,0,1669416653915000,2022-11-25 22:50:53
22679000.0,0.06059,0,1669416653308000,2022-11-25 22:50:53
22679000.0,0.16940001,0,1669416654768000,2022-11-25 22:50:54
22679000.0,0.04386,0,1669416654870000,2022-11-25 22:50:54
22679000.0,0.01012713,0,1669416654157000,2022-11-25 22:50:54
22679000.0,0.02762,0,1669416655920000,2022-11-25 22:50:55
22679000.0,0.00123968,0,1669416655505000,2022-11-25 22:50:55
22679000.0,0.01150456,0,1669416655058000,2022-11-25 22:50:55
22675000.0,0.00403568,1,1669416656817000,2022-11-25 22:50:56
22679000.0,0.02204682,0,1669416658787000,2022-11-25 22:50:58
22679000.0,0.13915001,0,1669416659031000,2022-11-25 22:50:59
22675000.0,0.01683188,1,1669416660221000,2022-11-25 22:51:00
22679000.0,0.00088187,0,1669416660285000,2022-11-25 22:51:00
22675000.0,0.11036384,1,1669416661704000,2022-11-25 22:51:01
22679000.0,0.00572279,0,1669416665473000,2022-11-25 22:51:05
22679000.0,0.02487,0,1669416665551000,2022-11-25 22:51:05
22679000.0,0.00508796,0,1669416666407000,2022-11-25 22:51:06
22679000.0,0.00786749,0,1669416667084000,2022-11-25 22:51:07
22679000.0,0.04409365,0,1669416668569000,2022-11-25 22:51:08
22675000.0,0.03862491,1,1669416670847000,2022-11-25 22:51:10
22675000.0,0.03374027,1,1669416673931000,2022-11-25 22:51:13
22675000.0,0.0284329,1,1669416675209000,2022-11-25 22:51:15
22679000.0,0.00044093,0,1669416679088000,2022-11-25 22:51:19
22679000.0,0.0881873,0,1669416680154000,2022-11-25 22:51:20
22679000.0,0.03,0,1669416686274000,2022-11-25 22:51:26
22679000.0,0.081,0,1669416687583000,2022-11-25 22:51:27
22679000.0,0.009,0,1669416691376000,2022-11-25 22:51:31
22679000.0,2.55654187,0,1669416693347000,2022-11-25 22:51:33
22679000.0,0.019,0,1669416701384000,2022-11-25 22:51:41
22679000.0,0.00026456,0,1669416703986000,2022-11-25 22:51:43
22679000.0,0.00403092,0,1669416706062000,2022-11-25 22:51:46
22679000.0,0.00101184,0,1669416706282000,2022-11-25 22:51:46
22679000.0,0.014,0,1669416707737000,2022-11-25 22:51:47
22679000.0,0.01,0,1669416709779000,2022-11-25 22:51:49
22676000.0,0.0295897,1,1669416712748000,2022-11-25 22:51:52
22679000.0,0.00056404,0,1669416715020000,2022-11-25 22:51:55
22679000.0,0.0346,0,1669416716024000,2022-11-25 22:51:56
22679000.0,0.1104,0,1669416718037000,2022-11-25 22:51:58
22679000.0,0.00440936,0,1669416719160000,2022-11-25 22:51:59
22676000.0,0.05429561,1,1669416719747000,2022-11-25 22:51:59
22679000.0,0.0552,0,1669416720059000,2022-11-25 22:52:00
22679000.0,0.0458,0,1669416722042000,2022-11-25 22:52:02
22679000.0,0.011,0,1669416726100000,2022-11-25 22:52:06
22679000.0,0.00111892,0,1669416727912000,2022-11-25 22:52:07
22679000.0,0.03254913,0,1669416729306000,2022-11-25 22:52:09
22679000.0,0.0115,0,1669416733890000,2022-11-25 22:52:13
22679000.0,0.0013228,0,1669416733762000,2022-11-25 22:52:13
22679000.0,0.0925,0,1669416734283000,2022-11-25 22:52:14
22679000.0,0.0653,0,1669416735914000,2022-11-25 22:52:15
22679000.0,0.0476386,0,1669416737167000,2022-11-25 22:52:17
22679000.0,0.4153,0,1669416737914000,2022-11-25 22:52:17
22679000.0,0.01213071,0,1669416737226000,2022-11-25 22:52:17
22679000.0,0.02711903,0,1669416738829000,2022-11-25 22:52:18
22679000.0,0.01023348,0,1669416738763000,2022-11-25 22:52:18
22679000.0,0.18,0,1669416740523000,2022-11-25 22:52:20
22679000.0,0.0013228,0,1669416743077000,2022-11-25 22:52:23
22679000.0,0.00881873,0,1669416743386000,2022-11-25 22:52:23
22679000.0,1.36157808,0,1669416744864000,2022-11-25 22:52:24
22679000.0,0.0013228,0,1669416753226000,2022-11-25 22:52:33
22676000.0,0.00037187,1,1669416758795000,2022-11-25 22:52:38
22675000.0,0.07308298,1,1669416758795001,2022-11-25 22:52:38
22675000.0,0.0627639,1,1669416760927000,2022-11-25 22:52:40
22679000.0,0.00022046,0,1669416771378000,2022-11-25 22:52:51
22675000.0,0.00689943,1,1669416776870007,2022-11-25 22:52:56
22675000.0,0.08820286,1,1669416776870006,2022-11-25 22:52:56
22675000.0,0.00882028,1,1669416776870005,2022-11-25 22:52:56
22675000.0,0.00441014,1,1669416776870004,2022-11-25 22:52:56
22675000.0,0.00441014,1,1669416776870003,2022-11-25 22:52:56
22675000.0,0.00108177,1,1669416776870002,2022-11-25 22:52:56
22675000.0,0.29277049,1,1669416776870001,2022-11-25 22:52:56
22675000.0,0.00088202,1,1669416776870000,2022-11-25 22:52:56
22675000.0,0.0326,0,1669416777633000,2022-11-25 22:52:57
22670000.0,0.00441111,1,1669416784633000,2022-11-25 22:53:04
22670000.0,0.00088222,0,1669416785450000,2022-11-25 22:53:05
22670000.0,0.01605573,0,1669416786250000,2022-11-25 22:53:06
22670000.0,0.04410143,0,1669416786424000,2022-11-25 22:53:06
22670000.0,0.02026241,0,1669416786184000,2022-11-25 22:53:06
22670000.0,0.0124,0,1669416786004000,2022-11-25 22:53:06
22670000.0,0.00044111,0,1669416789359000,2022-11-25 22:53:09
22670000.0,0.0071168,0,1669416799429000,2022-11-25 22:53:19
22675000.0,0.00441014,0,1669416801581000,2022-11-25 22:53:21
22670000.0,0.00022415,1,1669416802555000,2022-11-25 22:53:22
22675000.0,0.00754112,0,1669416803690000,2022-11-25 22:53:23
22675000.0,0.00606479,0,1669416803760000,2022-11-25 22:53:23
22675000.0,0.00220507,0,1669416803543000,2022-11-25 22:53:23
22675000.0,0.00441014,0,1669416807885000,2022-11-25 22:53:27
22675000.0,0.00483859,0,1669416811577000,2022-11-25 22:53:31
22675000.0,0.00706387,0,1669416813417000,2022-11-25 22:53:33
22675000.0,0.01469274,0,1669416813628000,2022-11-25 22:53:33
22675000.0,0.14597265,0,1669416817932001,2022-11-25 22:53:37
22675000.0,0.01962735,0,1669416817932000,2022-11-25 22:53:37
22675000.0,0.03018875,0,1669416818031000,2022-11-25 22:53:38
22679000.0,0.06279458,0,1669416824951002,2022-11-25 22:53:44
22678000.0,0.1,0,1669416824951001,2022-11-25 22:53:44
22675000.0,0.01920542,0,1669416824951000,2022-11-25 22:53:44
22675000.0,0.0028453,0,1669416824346001,2022-11-25 22:53:44
22675000.0,0.04125613,0,1669416824346000,2022-11-25 22:53:44
22678000.0,0.02219531,1,1669416835999000,2022-11-25 22:53:55
22675000.0,0.0790202,0,1669416844300000,2022-11-25 22:54:04
22675000.0,0.08708882,1,1669416854702000,2022-11-25 22:54:14
22679000.0,0.04,0,1669416890480000,2022-11-25 22:54:50
22679000.0,0.033,0,1669416896592000,2022-11-25 22:54:56
22675000.0,0.31453518,1,1669416904304000,2022-11-25 22:55:04
22675000.0,0.03621155,1,1669416908695000,2022-11-25 22:55:08
22675000.0,0.04988611,1,1669416910748000,2022-11-25 22:55:10
22675000.0,0.02118154,1,1669416917573000,2022-11-25 22:55:17
22679000.0,0.02484377,0,1669416921166000,2022-11-25 22:55:21
22675000.0,0.00527301,1,1669416924722000,2022-11-25 22:55:24
22678000.0,0.03347387,0,1669416924474000,2022-11-25 22:55:24
22678000.0,0.00022047,0,1669416929896000,2022-11-25 22:55:29
22678000.0,0.03421717,0,1669416944181000,2022-11-25 22:55:44
22678000.0,0.02274071,0,1669416944977000,2022-11-25 22:55:44
22677000.0,0.00297032,1,1669416953230000,2022-11-25 22:55:53
22678000.0,0.0168,0,1669416960139000,2022-11-25 22:56:00
22678000.0,0.00264309,0,1669416964910000,2022-11-25 22:56:04
22678000.0,0.00220478,0,1669416970130000,2022-11-25 22:56:10
22678000.0,0.00026016,0,1669416970900000,2022-11-25 22:56:10
22678000.0,0.00026016,0,1669416970827000,2022-11-25 22:56:10
22677000.0,0.03085285,1,1669416971913000,2022-11-25 22:56:11
22677000.0,0.0181,0,1669416973590000,2022-11-25 22:56:13
22677000.0,0.03173674,0,1669416986075000,2022-11-25 22:56:26
22677000.0,0.2,0,1669416986662000,2022-11-25 22:56:26
22676000.0,0.01226822,1,1669416990537001,2022-11-25 22:56:30
22676000.0,0.00044077,1,1669416990537000,2022-11-25 22:56:30
22676000.0,0.03783986,1,1669416994724000,2022-11-25 22:56:34
22676000.0,0.03959384,1,1669416997981000,2022-11-25 22:56:37
22676000.0,0.00389405,1,1669416997981002,2022-11-25 22:56:37
22676000.0,0.03472785,1,1669416997981001,2022-11-25 22:56:37
22677000.0,0.009,0,1669417019216000,2022-11-25 22:56:59
22677000.0,0.00044097,0,1669417032484000,2022-11-25 22:57:12
22677000.0,0.03680012,0,1669417035821000,2022-11-25 22:57:15
22678000.0,0.0055123,0,1669417040230000,2022-11-25 22:57:20
22678000.0,0.07753666,0,1669417043710001,2022-11-25 22:57:23
22678000.0,0.02377734,0,1669417043710000,2022-11-25 22:57:23
22676000.0,0.00063026,1,1669417045085002,2022-11-25 22:57:25
22676000.0,0.02,1,1669417045085000,2022-11-25 22:57:25
22675000.0,0.00790278,1,1669417045085001,2022-11-25 22:57:25
22676000.0,0.02261412,1,1669417045085003,2022-11-25 22:57:25
22676000.0,0.00440995,1,1669417045085007,2022-11-25 22:57:25
22676000.0,0.00220497,1,1669417045085005,2022-11-25 22:57:25
22677000.0,0.01807095,1,1669417045085006,2022-11-25 22:57:25
22676000.0,0.01239902,1,1669417045085004,2022-11-25 22:57:25
22678000.0,0.00044095,0,1669417047561000,2022-11-25 22:57:27
22678000.0,0.00492697,0,1669417048638002,2022-11-25 22:57:28
22678000.0,0.01932925,0,1669417048638001,2022-11-25 22:57:28
22678000.0,0.01538839,0,1669417048638000,2022-11-25 22:57:28
22677000.0,0.00440755,1,1669417048606001,2022-11-25 22:57:28
22675000.0,0.00874665,1,1669417048606000,2022-11-25 22:57:28
22678000.0,0.04409559,0,1669417056983000,2022-11-25 22:57:36
22678000.0,0.00044073,0,1669417058097000,2022-11-25 22:57:38
22678000.0,0.03008448,0,1669417059136000,2022-11-25 22:57:39
22678000.0,0.00221104,1,1669417060451000,2022-11-25 22:57:40
22679000.0,0.23907262,0,1669417062727000,2022-11-25 22:57:42
22679000.0,0.00044093,0,1669417069006000,2022-11-25 22:57:49
22678000.0,0.00350453,1,1669417069535000,2022-11-25 22:57:49
22679000.0,0.00440936,0,1669417072238000,2022-11-25 22:57:52
22678000.0,0.00323951,1,1669417072572000,2022-11-25 22:57:52
22678000.0,0.01880829,0,1669417075684001,2022-11-25 22:57:55
22679000.0,0.01597523,0,1669417075684000,2022-11-25 22:57:55
22679000.0,0.00088187,0,1669417076257000,2022-11-25 22:57:56
22679000.0,0.02718,0,1669417077485000,2022-11-25 22:57:57
22679000.0,0.00440936,0,1669417079903000,2022-11-25 22:57:59
22679000.0,0.00572245,0,1669417085472000,2022-11-25 22:58:05
22679000.0,0.05559978,0,1669417088203000,2022-11-25 22:58:08
22679000.0,0.04609012,0,1669417089839000,2022-11-25 22:58:09
22679000.0,0.03613,0,1669417091111000,2022-11-25 22:58:11
22679000.0,0.0145923,0,1669417100386000,2022-11-25 22:58:20
22676000.0,0.00043986,1,1669417106601000,2022-11-25 22:58:26
22676000.0,0.02717815,1,1669417130177000,2022-11-25 22:58:50
22676000.0,0.00308696,1,1669417139334000,2022-11-25 22:58:59
22676000.0,0.00220277,1,1669417139334001,2022-11-25 22:58:59
22676000.0,0.00220497,1,1669417139334002,2022-11-25 22:58:59
22676000.0,0.04369441,1,1669417139334004,2022-11-25 22:58:59
22676000.0,0.07217572,1,1669417139334005,2022-11-25 22:58:59
22676000.0,0.04409948,1,1669417139334003,2022-11-25 22:58:59
22676000.0,0.001,0,1669417148815000,2022-11-25 22:59:08
22676000.0,0.00856323,0,1669417152919001,2022-11-25 22:59:12
22676000.0,0.03551421,0,1669417152919000,2022-11-25 22:59:12
22675000.0,0.0752032,1,1669417155261000,2022-11-25 22:59:15
22676000.0,0.00023152,0,1669417159715000,2022-11-25 22:59:19
22675000.0,0.02353749,1,1669417160258000,2022-11-25 22:59:20
22676000.0,0.00315108,0,1669417161780000,2022-11-25 22:59:21
22676000.0,0.00022049,0,1669417164621000,2022-11-25 22:59:24
22676000.0,0.00908735,0,1669417175899000,2022-11-25 22:59:35
22676000.0,0.00220497,0,1669417185250000,2022-11-25 22:59:45
22675000.0,0.00088111,1,1669417187101000,2022-11-25 22:59:47
22676000.0,0.03959727,0,1669417187779004,2022-11-25 22:59:47
22676000.0,0.01278886,0,1669417187779003,2022-11-25 22:59:47
22676000.0,0.03086965,0,1669417187779002,2022-11-25 22:59:47
22676000.0,0.00220498,0,1669417187779001,2022-11-25 22:59:47
22676000.0,0.00269413,0,1669417187779000,2022-11-25 22:59:47
22675000.0,0.00441015,1,1669417189986000,2022-11-25 22:59:49
22676000.0,0.00044099,0,1669417192300000,2022-11-25 22:59:52
22676000.0,0.058,0,1669417195013000,2022-11-25 22:59:55
22678000.0,0.00440742,0,1669417195039000,2022-11-25 22:59:55
22676000.0,0.03821692,0,1669417195039001,2022-11-25 22:59:55
22678000.0,0.16187566,0,1669417195039002,2022-11-25 22:59:55
22675000.0,0.07286324,1,1669417195159000,2022-11-25 22:59:55
22675000.0,0.00979527,1,1669417195222001,2022-11-25 22:59:55
22675000.0,0.28612221,1,1669417195159002,2022-11-25 22:59:55
22675000.0,0.01349808,1,1669417195159003,2022-11-25 22:59:55
22675000.0,0.00840473,1,1669417195222000,2022-11-25 22:59:55
22675000.0,0.00882028,1,1669417195159001,2022-11-25 22:59:55
22678000.0,0.01799761,0,1669417200629000,2022-11-25 23:00:00
22678000.0,0.00022047,0,1669417201523000,2022-11-25 23:00:01
22678000.0,0.00022047,0,1669417202298000,2022-11-25 23:00:02
22675000.0,0.22107002,1,1669417204232000,2022-11-25 23:00:04
22675000.0,0.002229,1,1669417205307000,2022-11-25 23:00:05
22678000.0,0.00132286,0,1669417205277000,2022-11-25 23:00:05
22675000.0,0.005,1,1669417208635000,2022-11-25 23:00:08
22675000.0,0.08626137,1,1669417210496000,2022-11-25 23:00:10
22676000.0,0.00236299,0,1669417214230000,2022-11-25 23:00:14
22676000.0,0.00073073,0,1669417221614000,2022-11-25 23:00:21
22676000.0,0.18731077,0,1669417223856000,2022-11-25 23:00:23
22676000.0,0.03498632,1,1669417227028000,2022-11-25 23:00:27
22676000.0,0.03087027,1,1669417236390000,2022-11-25 23:00:36
22676000.0,0.07039417,1,1669417238917000,2022-11-25 23:00:38
22676000.0,0.02616132,1,1669417247654000,2022-11-25 23:00:47
22678000.0,0.00472464,0,1669417249375000,2022-11-25 23:00:49
22678000.0,0.00178234,0,1669417254775000,2022-11-25 23:00:54
22676000.0,0.40874082,1,1669417260773000,2022-11-25 23:01:00
22678000.0,0.00079367,0,1669417262048000,2022-11-25 23:01:02
22678000.0,0.03525884,0,1669417272820000,2022-11-25 23:01:12
22678000.0,0.01835774,0,1669417272268000,2022-11-25 23:01:12
22678000.0,0.00216559,0,1669417279322000,2022-11-25 23:01:19
22678000.0,0.04407356,0,1669417291493000,2022-11-25 23:01:31
22676000.0,0.22226814,1,1669417294683001,2022-11-25 23:01:34
22677000.0,0.01395001,1,1669417294683000,2022-11-25 23:01:34
22676000.0,0.01926819,1,1669417298436000,2022-11-25 23:01:38
22676000.0,0.05898306,1,1669417298436001,2022-11-25 23:01:38
22678000.0,0.03224669,0,1669417300312000,2022-11-25 23:01:40
22678000.0,0.00589983,0,1669417302087000,2022-11-25 23:01:42
22677000.0,0.00425236,0,1669417311646000,2022-11-25 23:01:51
22677000.0,0.00088191,0,1669417317037000,2022-11-25 23:01:57
22677000.0,0.00486573,0,1669417318091000,2022-11-25 23:01:58
22678000.0,0.00775955,0,1669417336413001,2022-11-25 23:02:16
22678000.0,0.67306003,0,1669417336413000,2022-11-25 23:02:16
22679000.0,0.01255002,0,1669417339759000,2022-11-25 23:02:19
22679000.0,0.07954776,0,1669417344937000,2022-11-25 23:02:24
22679000.0,0.62714313,0,1669417344937001,2022-11-25 23:02:24
