trade_date_utc,trade_time_utc,timestamp,trade_price,trade_volume,prev_closing_price,change_price,ask_bid,sequential_id
2022-11-25,21:29:25,1669411765455,22666000.0,0.00220604,22738000.0,-72000.0,1,1669411765455001
2022-11-25,21:29:31,1669411771092,22665000.0,0.01100594,22738000.0,-73000.0,1,1669411771092002
2022-11-25,21:29:31,1669411771092,22665000.0,0.08346527,22738000.0,-73000.0,1,1669411771092001
2022-11-25,21:29:31,1669411771092,22666000.0,0.01781928,22738000.0,-72000.0,1,1669411771092000
2022-11-25,21:29:40,1669411780934,22666000.0,0.01303597,22738000.0,-72000.0,1,1669411780934000
2022-11-25,21:30:03,1669411803315,22680000.0,0.00022045,22738000.0,-58000.0,0,1669411803315000
2022-11-25,21:30:07,1669411807111,22680000.0,0.03672903,22738000.0,-58000.0,0,1669411807111000
2022-11-25,21:30:13,1669411813507,22680000.0,0.06035668,22738000.0,-58000.0,0,1669411813507002
2022-11-25,21:30:13,1669411813507,22683000.0,0.21344911,22738000.0,-55000.0,0,1669411813507001
2022-11-25,21:30:13,1669411813507,22680000.0,0.00118193,22738000.0,-58000.0,0,1669411813507000
2022-11-25,21:30:21,1669411821122,22667000.0,0.06325287,22738000.0,-71000.0,0,1669411821122000
2022-11-25,21:30:21,1669411821297,22666000.0,0.00132362,22738000.0,-72000.0,1,1669411821297000
2022-11-25,21:30:21,1669411821297,22666000.0,0.00453998,22738000.0,-72000.0,1,1669411821297001
2022-11-25,21:30:27,1669411827094,22666000.0,0.00882378,22738000.0,-72000.0,1,1669411827094000
2022-11-25,21:30:29,1669411829421,22666000.0,0.00598415,22738000.0,-72000.0,1,1669411829421000
2022-11-25,21:30:29,1669411829552,22666000.0,0.0032628,22738000.0,-72000.0,1,1669411829552001
2022-11-25,21:30:29,1669411829552,22666000.0,0.00271156,22738000.0,-72000.0,1,1669411829552000
2022-11-25,21:30:33,1669411833654,22666000.0,0.00522075,22738000.0,-72000.0,1,1669411833654000
2022-11-25,21:30:38,1669411838353,22666000.0,0.00044091,22738000.0,-72000.0,1,1669411838353000
2022-11-25,21:30:40,1669411840425,22666000.0,0.00607554,22738000.0,-72000.0,1,1669411840425001
2022-11-25,21:30:40,1669411840425,22666000.0,0.00302699,22738000.0,-72000.0,1,1669411840425000
2022-11-25,21:30:40,1669411840486,22666000.0,0.00592321,22738000.0,-72000.0,1,1669411840486000
2022-11-25,21:30:42,1669411842049,22666000.0,0.00472318,22738000.0,-72000.0,1,1669411842049000
2022-11-25,21:30:45,1669411845468,22666000.0,0.00664268,22738000.0,-72000.0,1,1669411845468000
2022-11-25,21:30:47,1669411847655,22679000.0,0.00044093,22738000.0,-59000.0,0,1669411847655000
2022-11-25,21:30:52,1669411852008,22666000.0,0.08666849,22738000.0,-72000.0,1,1669411852008000
2022-11-25,21:31:01,1669411861323,22666000.0,0.00044093,22738000.0,-72000.0,1,1669411861323000
2022-11-25,21:31:02,1669411862201,22666000.0,0.08485613,22738000.0,-72000.0,1,1669411862201001
2022-11-25,21:31:02,1669411862201,22666000.0,0.15728818,22738000.0,-72000.0,1,1669411862201000
2022-11-25,21:31:02,1669411862412,22680000.0,0.00044091,22738000.0,-58000.0,0,1669411862412000
2022-11-25,21:31:06,1669411866467,22680000.0,0.00022059,22738000.0,-58000.0,0,1669411866467000
2022-11-25,21:31:09,1669411869909,22666000.0,0.00603607,22738000.0,-72000.0,1,1669411869909000
2022-11-25,21:31:22,1669411882693,22680000.0,0.00061922,22738000.0,-58000.0,0,1669411882693000
2022-11-25,21:31:31,1669411891087,22680000.0,0.00906546,22738000.0,-58000.0,0,1669411891087000
2022-11-25,21:31:32,1669411892845,22680000.0,0.00179982,22738000.0,-58000.0,0,1669411892845000
2022-11-25,21:31:40,1669411900100,22667000.0,0.05184754,22738000.0,-71000.0,1,1669411900100000
2022-11-25,21:31:41,1669411901770,22680000.0,0.01266147,22738000.0,-58000.0,0,1669411901770000
2022-11-25,21:31:43,1669411903306,22680000.0,0.00396825,22738000.0,-58000.0,1,1669411903306000
2022-11-25,21:31:48,1669411908187,22680000.0,0.02746199,22738000.0,-58000.0,1,1669411908187000
2022-11-25,21:32:11,1669411931035,22680000.0,0.11904761,22738000.0,-58000.0,0,1669411931035000
2022-11-25,21:32:36,1669411956531,22667000.0,0.00044091,22738000.0,-71000.0,1,1669411956531000
2022-11-25,21:32:45,1669411965336,22667000.0,0.00400995,22738000.0,-71000.0,1,1669411965336000
2022-11-25,21:33:02,1669411982766,22667000.0,0.01201442,22738000.0,-71000.0,1,1669411982766001
2022-11-25,21:33:02,1669411982766,22667000.0,0.03316809,22738000.0,-71000.0,1,1669411982766000
2022-11-25,21:33:10,1669411990941,22667000.0,0.00441169,22738000.0,-71000.0,1,1669411990941001
2022-11-25,21:33:10,1669411990941,22667000.0,0.01043354,22738000.0,-71000.0,1,1669411990941000
2022-11-25,21:33:14,1669411994237,22666000.0,0.02526597,22738000.0,-72000.0,1,1669411994237000
2022-11-25,21:33:19,1669411999240,22667000.0,0.04411699,22738000.0,-71000.0,0,1669411999240000
2022-11-25,21:33:24,1669412004121,22667000.0,0.01102924,22738000.0,-71000.0,0,1669412004121000
2022-11-25,21:33:25,1669412005465,22667000.0,8.54e-06,22738000.0,-71000.0,0,1669412005465000
2022-11-25,21:33:30,1669412010087,22667000.0,0.03869491,22738000.0,-71000.0,1,1669412010087000
2022-11-25,21:33:49,1669412029857,22677000.0,0.00099865,22738000.0,-61000.0,1,1669412029857000
2022-11-25,21:33:58,1669412038886,22677000.0,0.00707668,22738000.0,-61000.0,1,1669412038886000
2022-11-25,21:34:12,1669412052463,22667000.0,0.06033533,22738000.0,-71000.0,1,1669412052463000
2022-11-25,21:34:20,1669412060751,22677000.0,0.00044097,22738000.0,-61000.0,0,1669412060751000
2022-11-25,21:34:26,1669412066982,22677000.0,0.01773853,22738000.0,-61000.0,0,1669412066982000
2022-11-25,21:34:27,1669412067053,22677000.0,0.22079892,22738000.0,-61000.0,0,1669412067053000
2022-11-25,21:34:37,1669412077764,22677000.0,0.00044472,22738000.0,-61000.0,0,1669412077764000
2022-11-25,21:35:00,1669412100145,22673000.0,0.00440612,22738000.0,-65000.0,0,1669412100145000
2022-11-25,21:35:04,1669412104126,22668000.0,0.026,22738000.0,-70000.0,1,1669412104126000
2022-11-25,21:35:07,1669412107828,22668000.0,0.00070823,22738000.0,-70000.0,1,1669412107828000
2022-11-25,21:35:11,1669412111923,22668000.0,0.005842,22738000.0,-70000.0,1,1669412111923000
2022-11-25,21:35:21,1669412121337,22668000.0,0.00218317,22738000.0,-70000.0,1,1669412121337001
2022-11-25,21:35:21,1669412121337,22668000.0,0.02855801,22738000.0,-70000.0,1,1669412121337000
2022-11-25,21:35:23,1669412123164,22668000.0,0.03131779,22738000.0,-70000.0,0,1669412123164000
2022-11-25,21:35:33,1669412133839,22668000.0,0.07976043,22738000.0,-70000.0,0,1669412133839001
2022-11-25,21:35:33,1669412133839,22668000.0,0.05772548,22738000.0,-70000.0,0,1669412133839000
2022-11-25,21:35:34,1669412134774,22668000.0,0.0220465,22738000.0,-70000.0,0,1669412134774000
2022-11-25,21:35:37,1669412137334,22668000.0,0.02203547,22738000.0,-70000.0,0,1669412137334000
2022-11-25,21:35:37,1669412137626,22668000.0,0.00432415,22738000.0,-70000.0,0,1669412137626000
2022-11-25,21:35:47,1669412147926,22668000.0,0.0008823,22738000.0,-70000.0,1,1669412147926000
2022-11-25,21:35:47,1669412147926,22668000.0,8.735e-05,22738000.0,-70000.0,1,1669412147926001
2022-11-25,21:35:53,1669412153804,22667000.0,0.04279446,22738000.0,-71000.0,1,1669412153804000
2022-11-25,21:35:53,1669412153899,22667000.0,0.03389708,22738000.0,-71000.0,1,1669412153899000
2022-11-25,21:36:02,1669412162052,22668000.0,0.01384538,22738000.0,-70000.0,0,1669412162052000
2022-11-25,21:36:03,1669412163793,22673000.0,0.09847691,22738000.0,-65000.0,0,1669412163793001
2022-11-25,21:36:03,1669412163793,22668000.0,0.03211421,22738000.0,-70000.0,0,1669412163793000
2022-11-25,21:36:07,1669412167289,22673000.0,0.00044105,22738000.0,-65000.0,0,1669412167289000
2022-11-25,21:36:10,1669412170631,22673000.0,0.00026022,22738000.0,-65000.0,0,1669412170631000
2022-11-25,21:36:11,1669412171327,22673000.0,0.00026022,22738000.0,-65000.0,0,1669412171327000
2022-11-25,21:36:28,1669412188555,22673000.0,0.03817347,22738000.0,-65000.0,0,1669412188555000
2022-11-25,21:36:29,1669412189547,22672000.0,0.00794394,22738000.0,-66000.0,1,1669412189547000
2022-11-25,21:36:31,1669412191010,22670000.0,0.04408328,22738000.0,-68000.0,0,1669412191010000
2022-11-25,21:36:56,1669412216056,22669000.0,0.00121734,22738000.0,-69000.0,0,1669412216056000
2022-11-25,21:37:12,1669412232281,22669000.0,0.06992383,22738000.0,-69000.0,0,1669412232281000
2022-11-25,21:37:27,1669412247883,22669000.0,0.1854167,22738000.0,-69000.0,0,1669412247883000
2022-11-25,21:37:36,1669412256525,22669000.0,0.00088226,22738000.0,-69000.0,0,1669412256525000
2022-11-25,21:37:39,1669412259686,22669000.0,0.00022488,22738000.0,-69000.0,0,1669412259686000
2022-11-25,21:37:41,1669412261065,22668000.0,0.001,22738000.0,-70000.0,1,1669412261065001
2022-11-25,21:37:41,1669412261065,22668000.0,0.025,22738000.0,-70000.0,1,1669412261065000
2022-11-25,21:37:42,1669412262439,22669000.0,0.00193548,22738000.0,-69000.0,0,1669412262439000
2022-11-25,21:37:49,1669412269069,22670000.0,0.00022055,22738000.0,-68000.0,0,1669412269069000
2022-11-25,21:38:08,1669412288425,22669000.0,0.03652765,22738000.0,-69000.0,1,1669412288425000
2022-11-25,21:38:13,1669412293447,22670000.0,0.00910012,22738000.0,-68000.0,0,1669412293447000
2022-11-25,21:38:26,1669412306498,22669000.0,0.025,22738000.0,-69000.0,1,1669412306498000
2022-11-25,21:38:33,1669412313307,22669000.0,0.00112555,22738000.0,-69000.0,1,1669412313307000
2022-11-25,21:38:37,1669412317620,22669000.0,0.00056278,22738000.0,-69000.0,1,1669412317620000
2022-11-25,21:38:57,1669412337291,22669000.0,0.00491768,22738000.0,-69000.0,1,1669412337291000
2022-11-25,21:39:21,1669412361572,22670000.0,0.0168228,22738000.0,-68000.0,0,1669412361572000
2022-11-25,21:39:24,1669412364949,22670000.0,0.02,22738000.0,-68000.0,0,1669412364949000
2022-11-25,21:39:44,1669412384925,22669000.0,0.02427398,22738000.0,-69000.0,1,1669412384925002
2022-11-25,21:39:44,1669412384925,22669000.0,0.0441131,22738000.0,-69000.0,1,1669412384925001
2022-11-25,21:39:44,1669412384925,22669000.0,0.06220404,22738000.0,-69000.0,1,1669412384925000
2022-11-25,21:39:52,1669412392310,22669000.0,0.01983912,22738000.0,-69000.0,1,1669412392310001
2022-11-25,21:39:52,1669412392310,22669000.0,0.00440891,22738000.0,-69000.0,1,1669412392310002
2022-11-25,21:39:52,1669412392310,22669000.0,0.00505078,22738000.0,-69000.0,1,1669412392310000
2022-11-25,21:39:52,1669412392310,22669000.0,0.018,22738000.0,-69000.0,1,1669412392310004
2022-11-25,21:39:52,1669412392310,22669000.0,0.01120618,22738000.0,-69000.0,1,1669412392310003
2022-11-25,21:40:05,1669412405054,22670000.0,0.00144175,22738000.0,-68000.0,0,1669412405054000
2022-11-25,21:40:06,1669412406886,22669000.0,0.36969476,22738000.0,-69000.0,1,1669412406886000
2022-11-25,21:40:14,1669412414130,22669000.0,0.00474625,22738000.0,-69000.0,1,1669412414130000
2022-11-25,21:40:34,1669412434391,22670000.0,0.00160869,22738000.0,-68000.0,0,1669412434391000
2022-11-25,21:40:35,1669412435079,22670000.0,0.0013801,22738000.0,-68000.0,0,1669412435079000
2022-11-25,21:40:42,1669412442428,22670000.0,0.16495581,22738000.0,-68000.0,0,1669412442428000
2022-11-25,21:40:44,1669412444978,22669000.0,0.00770629,22738000.0,-69000.0,1,1669412444978002
2022-11-25,21:40:44,1669412444978,22669000.0,0.01103835,22738000.0,-69000.0,1,1669412444978001
2022-11-25,21:40:44,1669412444978,22669000.0,0.06141881,22738000.0,-69000.0,1,1669412444978000
2022-11-25,21:40:54,1669412454964,22669000.0,0.01100497,22738000.0,-69000.0,1,1669412454964000
2022-11-25,21:40:54,1669412454964,22669000.0,0.00176522,22738000.0,-69000.0,1,1669412454964001
2022-11-25,21:40:55,1669412455244,22669000.0,0.0441131,22738000.0,-69000.0,0,1669412455244000
2022-11-25,21:41:00,1669412460615,22669000.0,0.0441131,22738000.0,-69000.0,0,1669412460615000
2022-11-25,21:41:01,1669412461652,22669000.0,0.01121738,22738000.0,-69000.0,0,1669412461652000
2022-11-25,21:41:01,1669412461793,22669000.0,0.00220565,22738000.0,-69000.0,0,1669412461793000
2022-11-25,21:41:14,1669412474454,22669000.0,0.17391187,22738000.0,-69000.0,0,1669412474454000
2022-11-25,21:41:20,1669412480169,22669000.0,0.00066724,22738000.0,-69000.0,1,1669412480169000
2022-11-25,21:41:42,1669412502630,22670000.0,0.04411116,22738000.0,-68000.0,0,1669412502630000
2022-11-25,21:41:59,1669412519044,22669000.0,0.0002206,22738000.0,-69000.0,1,1669412519044003
2022-11-25,21:41:59,1669412519044,22669000.0,0.26655195,22738000.0,-69000.0,1,1669412519044002
2022-11-25,21:41:59,1669412519044,22669000.0,0.0441131,22738000.0,-69000.0,1,1669412519044001
2022-11-25,21:41:59,1669412519044,22669000.0,0.08822621,22738000.0,-69000.0,1,1669412519044000
2022-11-25,21:41:59,1669412519109,22669000.0,0.00065624,22738000.0,-69000.0,0,1669412519109000
2022-11-25,21:41:59,1669412519298,22670000.0,0.6883318,22738000.0,-68000.0,0,1669412519298000
2022-11-25,21:41:59,1669412519298,22670000.0,0.01559211,22738000.0,-68000.0,0,1669412519298001
2022-11-25,21:41:59,1669412519298,22669000.0,0.1002319,22738000.0,-69000.0,0,1669412519298002
2022-11-25,21:42:03,1669412523906,22670000.0,0.00849587,22738000.0,-68000.0,1,1669412523906000
2022-11-25,21:42:22,1669412542076,22670000.0,0.00492134,22738000.0,-68000.0,1,1669412542076000
2022-11-25,21:42:31,1669412551748,22670000.0,0.00055058,22738000.0,-68000.0,0,1669412551748000
2022-11-25,21:42:41,1669412561486,22670000.0,0.04849802,22738000.0,-68000.0,0,1669412561486000
2022-11-25,21:42:43,1669412563475,22670000.0,0.01243918,22738000.0,-68000.0,0,1669412563475000
2022-11-25,21:42:57,1669412577823,22669000.0,0.0082359,22738000.0,-69000.0,1,1669412577823001
2022-11-25,21:42:57,1669412577823,22670000.0,0.0486641,22738000.0,-68000.0,1,1669412577823000
2022-11-25,21:43:16,1669412596848,22669000.0,0.01185899,22738000.0,-69000.0,1,1669412596848001
2022-11-25,21:43:16,1669412596848,22669000.0,0.00466873,22738000.0,-69000.0,1,1669412596848000
2022-11-25,21:43:38,1669412618887,22669000.0,0.08822621,22738000.0,-69000.0,1,1669412618887000
2022-11-25,21:43:38,1669412618887,22669000.0,0.03400179,22738000.0,-69000.0,1,1669412618887001
2022-11-25,21:43:38,1669412618887,22669000.0,0.13872465,22738000.0,-69000.0,1,1669412618887003
2022-11-25,21:43:38,1669412618887,22669000.0,0.00372598,22738000.0,-69000.0,1,1669412618887002
2022-11-25,21:43:51,1669412631397,22669000.0,0.00329999,22738000.0,-69000.0,1,1669412631397000
2022-11-25,21:43:54,1669412634738,22669000.0,0.01323394,22738000.0,-69000.0,1,1669412634738000
2022-11-25,21:43:56,1669412636611,22669000.0,0.081896,22738000.0,-69000.0,1,1669412636611000
2022-11-25,21:44:14,1669412654561,22669000.0,0.00023435,22738000.0,-69000.0,1,1669412654561002
2022-11-25,21:44:14,1669412654561,22669000.0,0.13263758,22738000.0,-69000.0,1,1669412654561001
2022-11-25,21:44:14,1669412654561,22669000.0,0.07809042,22738000.0,-69000.0,1,1669412654561000
2022-11-25,21:44:36,1669412676449,22678000.0,0.00881834,22738000.0,-60000.0,0,1669412676449000
2022-11-25,21:44:49,1669412689230,22678000.0,0.00362078,22738000.0,-60000.0,1,1669412689230000
2022-11-25,21:44:50,1669412690958,22678000.0,0.03167606,22738000.0,-60000.0,1,1669412690958000
2022-11-25,21:45:03,1669412703232,22678000.0,0.0139025,22738000.0,-60000.0,1,1669412703232000
2022-11-25,21:45:03,1669412703232,22678000.0,0.00509242,22738000.0,-60000.0,1,1669412703232001
2022-11-25,21:45:03,1669412703232,22669000.0,0.00220565,22738000.0,-69000.0,1,1669412703232002
2022-11-25,21:45:03,1669412703232,22668000.0,0.07960675,22738000.0,-70000.0,1,1669412703232005
2022-11-25,21:45:03,1669412703232,22668000.0,0.01341049,22738000.0,-70000.0,1,1669412703232004
2022-11-25,21:45:03,1669412703232,22669000.0,0.01642199,22738000.0,-69000.0,1,1669412703232006
2022-11-25,21:45:03,1669412703232,22669000.0,0.00022497,22738000.0,-69000.0,1,1669412703232003
2022-11-25,21:45:14,1669412714693,22678000.0,0.00068933,22738000.0,-60000.0,0,1669412714693000
2022-11-25,21:45:17,1669412717666,22667000.0,0.00022499,22738000.0,-71000.0,1,1669412717666004
2022-11-25,21:45:17,1669412717666,22667000.0,0.00176379,22738000.0,-71000.0,1,1669412717666001
2022-11-25,21:45:17,1669412717666,22667000.0,0.00044117,22738000.0,-71000.0,1,1669412717666002
2022-11-25,21:45:17,1669412717666,22667000.0,0.00022062,22738000.0,-71000.0,1,1669412717666003
2022-11-25,21:45:17,1669412717666,22667000.0,0.01,22738000.0,-71000.0,1,1669412717666006
2022-11-25,21:45:17,1669412717666,22667000.0,0.00132284,22738000.0,-71000.0,1,1669412717666008
2022-11-25,21:45:17,1669412717666,22667000.0,0.06526583,22738000.0,-71000.0,1,1669412717666007
2022-11-25,21:45:17,1669412717666,22668000.0,0.00545344,22738000.0,-70000.0,1,1669412717666009
2022-11-25,21:45:17,1669412717666,22667000.0,0.00437641,22738000.0,-71000.0,1,1669412717666010
2022-11-25,21:45:17,1669412717666,22668000.0,0.00022498,22738000.0,-70000.0,1,1669412717666005
2022-11-25,21:45:21,1669412721219,22667000.0,0.00077569,22738000.0,-71000.0,1,1669412721219000
2022-11-25,21:45:46,1669412746559,22667000.0,0.01051178,22738000.0,-71000.0,1,1669412746559001
2022-11-25,21:45:46,1669412746559,22667000.0,0.0071125,22738000.0,-71000.0,1,1669412746559000
2022-11-25,21:46:04,1669412764803,22666000.0,0.1053252,22738000.0,-72000.0,1,1669412764803000
2022-11-25,21:46:04,1669412764803,22667000.0,0.00044117,22738000.0,-71000.0,1,1669412764803001
2022-11-25,21:46:04,1669412764803,22667000.0,3.088e-05,22738000.0,-71000.0,1,1669412764803002
2022-11-25,21:46:04,1669412764803,22667000.0,0.00088234,22738000.0,-71000.0,1,1669412764803004
2022-11-25,21:46:04,1669412764803,22667000.0,0.0013235,22738000.0,-71000.0,1,1669412764803005
2022-11-25,21:46:04,1669412764803,22667000.0,0.02575965,22738000.0,-71000.0,1,1669412764803003
2022-11-25,21:46:07,1669412767752,22685000.0,0.00026008,22738000.0,-53000.0,0,1669412767752000
2022-11-25,21:46:08,1669412768114,22685000.0,0.00026008,22738000.0,-53000.0,0,1669412768114000
2022-11-25,21:46:43,1669412803138,22683000.0,0.12989679,22738000.0,-55000.0,0,1669412803138000
2022-11-25,21:47:27,1669412847726,22667000.0,0.00504591,22738000.0,-71000.0,1,1669412847726003
2022-11-25,21:47:27,1669412847726,22667000.0,0.22058499,22738000.0,-71000.0,1,1669412847726004
2022-11-25,21:47:27,1669412847726,22667000.0,0.02978347,22738000.0,-71000.0,1,1669412847726001
2022-11-25,21:47:27,1669412847726,22667000.0,0.04411699,22738000.0,-71000.0,1,1669412847726002
2022-11-25,21:47:27,1669412847726,22667000.0,0.2297435,22738000.0,-71000.0,1,1669412847726005
2022-11-25,21:47:27,1669412847757,22683000.0,0.0296541,22738000.0,-55000.0,0,1669412847757003
2022-11-25,21:47:27,1669412847757,22683000.0,0.00082608,22738000.0,-55000.0,0,1669412847757001
2022-11-25,21:47:27,1669412847757,22683000.0,0.00082201,22738000.0,-55000.0,0,1669412847757000
2022-11-25,21:47:27,1669412847757,22682000.0,0.08768659,22738000.0,-56000.0,0,1669412847757002
2022-11-25,21:47:27,1669412847975,22683000.0,0.0817,22738000.0,-55000.0,1,1669412847975000
2022-11-25,21:47:29,1669412849993,22683000.0,0.0871,22738000.0,-55000.0,1,1669412849993000
2022-11-25,21:47:31,1669412851964,22683000.0,0.5413,22738000.0,-55000.0,1,1669412851964000
2022-11-25,21:47:33,1669412853996,22683000.0,0.0488,22738000.0,-55000.0,1,1669412853996000
2022-11-25,21:47:35,1669412855980,22683000.0,0.0606,22738000.0,-55000.0,1,1669412855980000
2022-11-25,21:47:37,1669412857984,22683000.0,0.039,22738000.0,-55000.0,1,1669412857984000
2022-11-25,21:47:39,1669412859983,22683000.0,0.00188878,22738000.0,-55000.0,1,1669412859983001
2022-11-25,21:47:39,1669412859983,22683000.0,0.02251122,22738000.0,-55000.0,1,1669412859983000
2022-11-25,21:47:41,1669412861974,22680000.0,0.01774628,22738000.0,-58000.0,1,1669412861974000
2022-11-25,21:47:41,1669412861974,22683000.0,0.00075372,22738000.0,-55000.0,1,1669412861974001
2022-11-25,21:47:43,1669412863989,22680000.0,0.1881,22738000.0,-58000.0,1,1669412863989000
2022-11-25,21:47:57,1669412877619,22667000.0,0.03997431,22738000.0,-71000.0,1,1669412877619001
2022-11-25,21:47:57,1669412877619,22680000.0,2.569e-05,22738000.0,-58000.0,1,1669412877619000
2022-11-25,21:48:11,1669412891049,22667000.0,0.00296602,22738000.0,-71000.0,1,1669412891049000
2022-11-25,21:48:13,1669412893578,22667000.0,0.01012576,22738000.0,-71000.0,1,1669412893578000
2022-11-25,21:48:31,1669412911277,22667000.0,0.0004556,22738000.0,-71000.0,1,1669412911277000
2022-11-25,21:48:31,1669412911574,22667000.0,0.00440133,22738000.0,-71000.0,1,1669412911574000
2022-11-25,21:48:36,1669412916917,22667000.0,0.00023,22738000.0,-71000.0,1,1669412916917000
2022-11-25,21:48:36,1669412916917,22667000.0,0.07513734,22738000.0,-71000.0,1,1669412916917001
2022-11-25,21:48:36,1669412916917,22667000.0,0.02964538,22738000.0,-71000.0,1,1669412916917002
2022-11-25,21:48:36,1669412916917,22667000.0,0.00022499,22738000.0,-71000.0,1,1669412916917003
2022-11-25,21:48:36,1669412916917,22667000.0,0.00022499,22738000.0,-71000.0,1,1669412916917004
2022-11-25,21:48:44,1669412924402,22667000.0,0.12656913,22738000.0,-71000.0,0,1669412924402000
2022-11-25,21:48:50,1669412930237,22667000.0,0.05646809,22738000.0,-71000.0,1,1669412930237000
2022-11-25,21:49:23,1669412963547,22668000.0,0.0077564,22738000.0,-70000.0,1,1669412963547000
2022-11-25,21:49:30,1669412970072,22668000.0,0.01696323,22738000.0,-70000.0,0,1669412970072000
2022-11-25,21:49:43,1669412983414,22683000.0,0.00022057,22738000.0,-55000.0,0,1669412983414000
2022-11-25,21:49:50,1669412990049,22683000.0,0.0085776,22738000.0,-55000.0,0,1669412990049001
2022-11-25,21:49:50,1669412990049,22683000.0,0.00091925,22738000.0,-55000.0,0,1669412990049000
2022-11-25,21:49:50,1669412990049,22683000.0,0.02668869,22738000.0,-55000.0,0,1669412990049003
2022-11-25,21:49:50,1669412990049,22683000.0,0.01381446,22738000.0,-55000.0,0,1669412990049002
2022-11-25,21:49:52,1669412992556,22667000.0,0.26615368,22738000.0,-71000.0,1,1669412992556000
2022-11-25,21:49:56,1669412996876,22667000.0,0.01961817,22738000.0,-71000.0,1,1669412996876000
2022-11-25,21:50:15,1669413015289,22667000.0,0.00518668,22738000.0,-71000.0,1,1669413015289000
2022-11-25,21:50:41,1669413041653,22683000.0,0.01190275,22738000.0,-55000.0,0,1669413041653001
2022-11-25,21:50:41,1669413041653,22682000.0,0.03303248,22738000.0,-56000.0,0,1669413041653000
2022-11-25,21:50:45,1669413045685,22667000.0,0.00266941,22738000.0,-71000.0,1,1669413045685000
2022-11-25,21:50:52,1669413052295,22685000.0,0.032949,22738000.0,-53000.0,0,1669413052295002
2022-11-25,21:50:52,1669413052295,22685000.0,0.01003697,22738000.0,-53000.0,0,1669413052295001
2022-11-25,21:50:52,1669413052295,22683000.0,0.04506173,22738000.0,-55000.0,0,1669413052295000
2022-11-25,21:51:00,1669413060275,22685000.0,0.0004849,22738000.0,-53000.0,0,1669413060275000
2022-11-25,21:51:02,1669413062849,22685000.0,0.01042527,22738000.0,-53000.0,0,1669413062849000
2022-11-25,21:51:02,1669413062849,22686000.0,0.08087506,22738000.0,-52000.0,0,1669413062849001
2022-11-25,21:51:27,1669413087438,22686000.0,0.004408,22738000.0,-52000.0,0,1669413087438000
2022-11-25,21:51:34,1669413094261,22685000.0,0.00044059,22738000.0,-53000.0,1,1669413094261000
2022-11-25,21:51:53,1669413113081,22678000.0,0.00044059,22738000.0,-60000.0,0,1669413113081000
2022-11-25,21:52:01,1669413121321,22668000.0,0.01981641,22738000.0,-70000.0,1,1669413121321002
2022-11-25,21:52:01,1669413121321,22667000.0,0.00216529,22738000.0,-71000.0,1,1669413121321001
2022-11-25,21:52:01,1669413121321,22668000.0,0.0280183,22738000.0,-70000.0,1,1669413121321000
2022-11-25,21:52:06,1669413126497,22669000.0,0.03538523,22738000.0,-69000.0,1,1669413126497000
2022-11-25,21:52:28,1669413148509,22669000.0,0.01311493,22738000.0,-69000.0,1,1669413148509001
2022-11-25,21:52:28,1669413148509,22669000.0,0.00044113,22738000.0,-69000.0,1,1669413148509000
2022-11-25,21:52:34,1669413154174,22669000.0,0.00479996,22738000.0,-69000.0,0,1669413154174000
2022-11-25,21:52:47,1669413167344,22669000.0,0.00044091,22738000.0,-69000.0,1,1669413167344000
2022-11-25,21:52:47,1669413167344,22669000.0,0.00402266,22738000.0,-69000.0,1,1669413167344001
2022-11-25,21:52:49,1669413169139,22669000.0,0.00441131,22738000.0,-69000.0,0,1669413169139000
2022-11-25,21:53:03,1669413183008,22669000.0,0.00280953,22738000.0,-69000.0,0,1669413183008000
2022-11-25,21:53:17,1669413197714,22669000.0,0.00294343,22738000.0,-69000.0,1,1669413197714001
2022-11-25,21:53:17,1669413197714,22669000.0,0.00013685,22738000.0,-69000.0,1,1669413197714000
2022-11-25,21:53:18,1669413198696,22669000.0,0.03970179,22738000.0,-69000.0,0,1669413198696000
2022-11-25,21:53:23,1669413203297,22669000.0,0.00441131,22738000.0,-69000.0,0,1669413203297000
2022-11-25,21:53:25,1669413205539,22669000.0,0.01194453,22738000.0,-69000.0,0,1669413205539000
2022-11-25,21:53:30,1669413210540,22669000.0,0.00247554,22738000.0,-69000.0,0,1669413210540001
2022-11-25,21:53:30,1669413210540,22669000.0,0.01958101,22738000.0,-69000.0,0,1669413210540000
2022-11-25,21:53:50,1669413230945,22668000.0,0.001,22738000.0,-70000.0,1,1669413230945000
2022-11-25,21:54:08,1669413248241,22668000.0,0.01089944,22738000.0,-70000.0,1,1669413248241003
2022-11-25,21:54:08,1669413248241,22668000.0,0.0034093,22738000.0,-70000.0,1,1669413248241002
2022-11-25,21:54:08,1669413248241,22668000.0,0.03374027,22738000.0,-70000.0,1,1669413248241001
2022-11-25,21:54:08,1669413248241,22668000.0,0.04407259,22738000.0,-70000.0,1,1669413248241000
2022-11-25,21:54:31,1669413271703,22669000.0,0.06982446,22738000.0,-69000.0,0,1669413271703000
2022-11-25,21:54:33,1669413273317,22669000.0,0.006,22738000.0,-69000.0,1,1669413273317002
2022-11-25,21:54:33,1669413273317,22668000.0,0.0104948,22738000.0,-70000.0,1,1669413273317001
2022-11-25,21:54:33,1669413273317,22668000.0,0.00556272,22738000.0,-70000.0,1,1669413273317000
2022-11-25,21:54:43,1669413283182,22668000.0,0.06042982,22738000.0,-70000.0,1,1669413283182000
2022-11-25,21:55:04,1669413304001,22668000.0,0.00882302,22738000.0,-70000.0,1,1669413304001000
2022-11-25,21:55:05,1669413305867,22668000.0,0.00026835,22738000.0,-70000.0,1,1669413305867000
2022-11-25,21:55:08,1669413308807,22667000.0,0.2695492,22738000.0,-71000.0,1,1669413308807003
2022-11-25,21:55:08,1669413308807,22668000.0,0.0133465,22738000.0,-70000.0,1,1669413308807002
2022-11-25,21:55:08,1669413308807,22668000.0,0.00781284,22738000.0,-70000.0,1,1669413308807001
2022-11-25,21:55:08,1669413308807,22668000.0,0.03194624,22738000.0,-70000.0,1,1669413308807000
2022-11-25,21:55:09,1669413309076,22678000.0,0.00440955,22738000.0,-60000.0,0,1669413309076000
2022-11-25,21:55:13,1669413313363,22667000.0,0.00044116,22738000.0,-71000.0,1,1669413313363000
2022-11-25,21:55:22,1669413322853,22668000.0,0.0108689,22738000.0,-70000.0,1,1669413322853000
2022-11-25,21:55:26,1669413326363,22678000.0,0.00241762,22738000.0,-60000.0,0,1669413326363000
2022-11-25,21:55:33,1669413333840,22688000.0,0.02203809,22738000.0,-50000.0,0,1669413333840000
2022-11-25,21:55:33,1669413333840,22678000.0,0.00979702,22738000.0,-60000.0,0,1669413333840002
2022-11-25,21:55:33,1669413333840,22688000.0,0.8816,22738000.0,-50000.0,0,1669413333840001
2022-11-25,21:55:33,1669413333840,22686000.0,0.04205403,22738000.0,-52000.0,0,1669413333840004
2022-11-25,21:55:33,1669413333840,22687000.0,0.01168346,22738000.0,-51000.0,0,1669413333840003
2022-11-25,21:55:34,1669413334035,22688000.0,0.0328,22738000.0,-50000.0,1,1669413334035000
2022-11-25,21:55:40,1669413340725,22669000.0,0.08657799,22738000.0,-69000.0,1,1669413340725002
2022-11-25,21:55:40,1669413340725,22670000.0,0.00044404,22738000.0,-68000.0,1,1669413340725001
2022-11-25,21:55:40,1669413340725,22688000.0,2.74e-05,22738000.0,-50000.0,1,1669413340725000
2022-11-25,21:55:50,1669413350774,22688000.0,0.01,22738000.0,-50000.0,1,1669413350774000
2022-11-25,21:56:09,1669413369717,22688000.0,0.00026004,22738000.0,-50000.0,0,1669413369717000
2022-11-25,21:56:09,1669413369955,22688000.0,0.00026004,22738000.0,-50000.0,0,1669413369955000
2022-11-25,21:56:14,1669413374063,22678000.0,0.00266724,22738000.0,-60000.0,1,1669413374063000
2022-11-25,21:56:33,1669413393945,22678000.0,0.00465495,22738000.0,-60000.0,1,1669413393945000
2022-11-25,21:56:33,1669413393945,22668000.0,0.01408712,22738000.0,-70000.0,1,1669413393945001
2022-11-25,21:56:33,1669413393945,22667000.0,0.01147815,22738000.0,-71000.0,1,1669413393945002
2022-11-25,21:56:33,1669413393945,22678000.0,0.02712375,22738000.0,-60000.0,1,1669413393945005
2022-11-25,21:56:33,1669413393945,22668000.0,0.0111776,22738000.0,-70000.0,1,1669413393945004
2022-11-25,21:56:33,1669413393945,22668000.0,0.02513301,22738000.0,-70000.0,1,1669413393945003
2022-11-25,21:56:41,1669413401410,22678000.0,0.00052914,22738000.0,-60000.0,0,1669413401410000
2022-11-25,21:56:41,1669413401461,22678000.0,0.1509131,22738000.0,-60000.0,0,1669413401461000
2022-11-25,21:56:45,1669413405924,22678000.0,0.06956489,22738000.0,-60000.0,1,1669413405924001
2022-11-25,21:56:45,1669413405924,22678000.0,0.02512193,22738000.0,-60000.0,1,1669413405924000
2022-11-25,21:56:47,1669413407262,22678000.0,0.06589466,22738000.0,-60000.0,0,1669413407262000
2022-11-25,21:56:53,1669413413289,22678000.0,0.0888738,22738000.0,-60000.0,1,1669413413289000
2022-11-25,21:56:55,1669413415441,22687000.0,0.01762247,22738000.0,-51000.0,0,1669413415441000
2022-11-25,21:57:23,1669413443549,22687000.0,0.00023,22738000.0,-51000.0,0,1669413443549000
2022-11-25,21:57:24,1669413444642,22687000.0,0.00088156,22738000.0,-51000.0,0,1669413444642000
2022-11-25,21:57:47,1669413467267,22678000.0,0.01721476,22738000.0,-60000.0,1,1669413467267002
2022-11-25,21:57:47,1669413467267,22678000.0,0.02152578,22738000.0,-60000.0,1,1669413467267001
2022-11-25,21:57:47,1669413467267,22683000.0,0.00044078,22738000.0,-55000.0,1,1669413467267000
2022-11-25,21:57:51,1669413471965,22678000.0,0.01175439,22738000.0,-60000.0,1,1669413471965000
2022-11-25,21:57:52,1669413472433,22687000.0,0.025,22738000.0,-51000.0,0,1669413472433000
2022-11-25,21:57:56,1669413476828,22678000.0,0.01057895,22738000.0,-60000.0,1,1669413476828000
2022-11-25,21:58:25,1669413505561,22667000.0,0.007366,22738000.0,-71000.0,1,1669413505561000
2022-11-25,21:58:25,1669413505561,22678000.0,0.00732479,22738000.0,-60000.0,1,1669413505561001
2022-11-25,21:58:25,1669413505561,22678000.0,0.00032867,22738000.0,-60000.0,1,1669413505561002
2022-11-25,21:58:25,1669413505561,22668000.0,0.002,22738000.0,-70000.0,1,1669413505561003
2022-11-25,21:58:25,1669413505561,22672000.0,0.00113806,22738000.0,-66000.0,1,1669413505561004
2022-11-25,21:58:27,1669413507247,22667000.0,0.21184074,22738000.0,-71000.0,1,1669413507247000
2022-11-25,21:58:31,1669413511592,22667000.0,0.00211081,22738000.0,-71000.0,1,1669413511592001
2022-11-25,21:58:31,1669413511592,22667000.0,0.0204943,22738000.0,-71000.0,1,1669413511592000
2022-11-25,21:58:43,1669413523564,22686000.0,0.008816,22738000.0,-52000.0,0,1669413523564000
2022-11-25,21:58:57,1669413537718,22686000.0,0.00302423,22738000.0,-52000.0,0,1669413537718000
2022-11-25,21:59:05,1669413545300,22667000.0,0.00285797,22738000.0,-71000.0,1,1669413545300001
2022-11-25,21:59:05,1669413545300,22668000.0,0.00044115,22738000.0,-70000.0,1,1669413545300000
2022-11-25,21:59:06,1669413546645,22686000.0,0.0004408,22738000.0,-52000.0,0,1669413546645000
2022-11-25,21:59:26,1669413566806,22668000.0,0.0028329,22738000.0,-70000.0,1,1669413566806000
2022-11-25,21:59:29,1669413569481,22668000.0,0.00153984,22738000.0,-70000.0,1,1669413569481000
2022-11-25,21:59:29,1669413569481,22667000.0,0.00175929,22738000.0,-71000.0,1,1669413569481001
2022-11-25,21:59:39,1669413579897,22667000.0,0.00209532,22738000.0,-71000.0,1,1669413579897001
2022-11-25,21:59:39,1669413579897,22667000.0,0.01049878,22738000.0,-71000.0,1,1669413579897000
2022-11-25,21:59:51,1669413591248,22678000.0,0.025,22738000.0,-60000.0,0,1669413591248000
2022-11-25,22:00:00,1669413600986,22677000.0,0.2,22738000.0,-61000.0,0,1669413600986000
2022-11-25,22:00:01,1669413601600,22677000.0,0.00022048,22738000.0,-61000.0,0,1669413601600000
2022-11-25,22:00:04,1669413604280,22677000.0,0.00295662,22738000.0,-61000.0,0,1669413604280000
2022-11-25,22:00:05,1669413605242,22675000.0,0.00073104,22738000.0,-63000.0,0,1669413605242000
2022-11-25,22:00:06,1669413606216,22668000.0,0.0028023,22738000.0,-70000.0,1,1669413606216000
2022-11-25,22:00:06,1669413606388,22675000.0,0.00440705,22738000.0,-63000.0,0,1669413606388000
2022-11-25,22:00:13,1669413613398,22675000.0,0.01769312,22738000.0,-63000.0,0,1669413613398000
2022-11-25,22:00:14,1669413614011,22675000.0,0.06876972,22738000.0,-63000.0,0,1669413614011000
2022-11-25,22:00:14,1669413614113,22675000.0,0.0312,22738000.0,-63000.0,1,1669413614113000
2022-11-25,22:00:20,1669413620029,22675000.0,0.05386972,22738000.0,-63000.0,1,1669413620029001
2022-11-25,22:00:20,1669413620029,22675000.0,3.028e-05,22738000.0,-63000.0,1,1669413620029000
2022-11-25,22:00:24,1669413624959,22668000.0,0.05757623,22738000.0,-70000.0,1,1669413624959001
2022-11-25,22:00:24,1669413624959,22675000.0,2.377e-05,22738000.0,-63000.0,1,1669413624959000
2022-11-25,22:00:32,1669413632563,22668000.0,0.0156,22738000.0,-70000.0,1,1669413632563000
2022-11-25,22:00:34,1669413634598,22668000.0,0.00052914,22738000.0,-70000.0,1,1669413634598000
2022-11-25,22:00:39,1669413639515,22668000.0,0.0364,22738000.0,-70000.0,1,1669413639515000
2022-11-25,22:00:44,1669413644527,22668000.0,0.0425,22738000.0,-70000.0,1,1669413644527000
2022-11-25,22:00:51,1669413651812,22668000.0,0.189,22738000.0,-70000.0,1,1669413651812000
2022-11-25,22:00:58,1669413658885,22668000.0,0.0166,22738000.0,-70000.0,1,1669413658885000
2022-11-25,22:00:59,1669413659280,22684000.0,0.00220463,22738000.0,-54000.0,0,1669413659280000
2022-11-25,22:01:05,1669413665906,22684000.0,0.00044083,22738000.0,-54000.0,0,1669413665906000
2022-11-25,22:01:35,1669413695574,22668000.0,0.00316596,22738000.0,-70000.0,1,1669413695574001
2022-11-25,22:01:35,1669413695574,22683000.0,0.00132257,22738000.0,-55000.0,1,1669413695574000
2022-11-25,22:01:44,1669413704509,22683000.0,0.00464735,22738000.0,-55000.0,0,1669413704509000
2022-11-25,22:01:55,1669413715295,22668000.0,0.00605718,22738000.0,-70000.0,1,1669413715295000
2022-11-25,22:01:55,1669413715511,22668000.0,0.14084624,22738000.0,-70000.0,1,1669413715511001
2022-11-25,22:01:55,1669413715511,22668000.0,0.09538425,22738000.0,-70000.0,1,1669413715511000
2022-11-25,22:01:57,1669413717392,22668000.0,0.24230083,22738000.0,-70000.0,1,1669413717392000
2022-11-25,22:02:05,1669413725370,22668000.0,0.0138,22738000.0,-70000.0,1,1669413725370000
2022-11-25,22:02:07,1669413727364,22668000.0,0.0268,22738000.0,-70000.0,1,1669413727364000
2022-11-25,22:02:09,1669413729821,22668000.0,0.0387,22738000.0,-70000.0,1,1669413729821000
2022-11-25,22:02:11,1669413731686,22668000.0,0.03965703,22738000.0,-70000.0,1,1669413731686000
2022-11-25,22:02:20,1669413740516,22668000.0,0.03006564,22738000.0,-70000.0,1,1669413740516001
2022-11-25,22:02:20,1669413740516,22669000.0,0.00353298,22738000.0,-69000.0,1,1669413740516000
2022-11-25,22:02:34,1669413754098,22684000.0,0.00948542,22738000.0,-54000.0,0,1669413754098001
2022-11-25,22:02:34,1669413754098,22683000.0,0.00308683,22738000.0,-55000.0,0,1669413754098000
2022-11-25,22:02:37,1669413757557,22669000.0,0.05818972,22738000.0,-69000.0,1,1669413757557000
2022-11-25,22:02:38,1669413758246,22669000.0,0.0665,22738000.0,-69000.0,1,1669413758246000
2022-11-25,22:02:39,1669413759038,22669000.0,0.014,22738000.0,-69000.0,1,1669413759038000
2022-11-25,22:02:41,1669413761656,22669000.0,0.0123,22738000.0,-69000.0,1,1669413761656000
2022-11-25,22:02:41,1669413761707,22669000.0,0.06638321,22738000.0,-69000.0,1,1669413761707000
2022-11-25,22:02:44,1669413764968,22669000.0,0.0562,22738000.0,-69000.0,1,1669413764968000
2022-11-25,22:02:46,1669413766953,22669000.0,0.015,22738000.0,-69000.0,1,1669413766953000
2022-11-25,22:02:48,1669413768972,22670000.0,0.00440891,22738000.0,-68000.0,1,1669413768972000
2022-11-25,22:02:48,1669413768972,22669000.0,0.03009109,22738000.0,-69000.0,1,1669413768972001
2022-11-25,22:02:50,1669413770956,22669000.0,0.0124,22738000.0,-69000.0,1,1669413770956000
2022-11-25,22:02:52,1669413772965,22669000.0,0.05,22738000.0,-69000.0,1,1669413772965000
2022-11-25,22:02:53,1669413773107,22669000.0,0.05344,22738000.0,-69000.0,1,1669413773107000
2022-11-25,22:02:53,1669413773149,22668000.0,0.17796669,22738000.0,-70000.0,1,1669413773149002
2022-11-25,22:02:53,1669413773149,22669000.0,0.00662704,22738000.0,-69000.0,1,1669413773149001
2022-11-25,22:02:53,1669413773149,22669000.0,0.00707868,22738000.0,-69000.0,1,1669413773149000
2022-11-25,22:02:54,1669413774972,22668000.0,0.0168,22738000.0,-70000.0,1,1669413774972000
2022-11-25,22:02:56,1669413776968,22668000.0,0.0182,22738000.0,-70000.0,1,1669413776968000
2022-11-25,22:03:26,1669413806199,22668000.0,0.00600619,22738000.0,-70000.0,1,1669413806199000
2022-11-25,22:03:29,1669413809212,22686000.0,0.00934551,22738000.0,-52000.0,0,1669413809212000
2022-11-25,22:03:49,1669413829841,22686000.0,0.002204,22738000.0,-52000.0,0,1669413829841000
2022-11-25,22:03:53,1669413833493,22672000.0,0.0124,22738000.0,-66000.0,1,1669413833493000
2022-11-25,22:04:02,1669413842724,22669000.0,0.00461545,22738000.0,-69000.0,1,1669413842724002
2022-11-25,22:04:02,1669413842724,22668000.0,0.0289803,22738000.0,-70000.0,1,1669413842724001
2022-11-25,22:04:02,1669413842724,22672000.0,4.25e-06,22738000.0,-66000.0,1,1669413842724000
2022-11-25,22:04:06,1669413846949,22668000.0,0.29114649,22738000.0,-70000.0,1,1669413846949000
2022-11-25,22:04:15,1669413855008,22668000.0,0.0272,22738000.0,-70000.0,1,1669413855008000
2022-11-25,22:04:17,1669413857019,22668000.0,0.052,22738000.0,-70000.0,1,1669413857019000
2022-11-25,22:04:19,1669413859018,22668000.0,0.0507,22738000.0,-70000.0,1,1669413859018000
2022-11-25,22:04:24,1669413864037,22668000.0,0.0605,22738000.0,-70000.0,1,1669413864037000
2022-11-25,22:04:26,1669413866041,22668000.0,0.0605,22738000.0,-70000.0,1,1669413866041000
2022-11-25,22:04:31,1669413871146,22686000.0,0.0004408,22738000.0,-52000.0,0,1669413871146000
2022-11-25,22:04:37,1669413877607,22668000.0,0.07733191,22738000.0,-70000.0,1,1669413877607000
2022-11-25,22:04:37,1669413877607,22669000.0,0.005,22738000.0,-69000.0,1,1669413877607001
2022-11-25,22:04:51,1669413891910,22669000.0,0.01004507,22738000.0,-69000.0,1,1669413891910000
2022-11-25,22:05:12,1669413912258,22669000.0,0.03651172,22738000.0,-69000.0,1,1669413912258001
2022-11-25,22:05:12,1669413912258,22669000.0,0.00586858,22738000.0,-69000.0,1,1669413912258000
2022-11-25,22:05:12,1669413912929,22686000.0,0.00035264,22738000.0,-52000.0,0,1669413912929000
2022-11-25,22:05:16,1669413916046,22686000.0,0.00070159,22738000.0,-52000.0,0,1669413916046000
2022-11-25,22:05:21,1669413921735,22684000.0,0.0091029,22738000.0,-54000.0,0,1669413921735000
2022-11-25,22:05:22,1669413922226,22669000.0,0.14346328,22738000.0,-69000.0,1,1669413922226000
2022-11-25,22:05:22,1669413922980,22669000.0,0.10662818,22738000.0,-69000.0,1,1669413922980000
2022-11-25,22:05:25,1669413925244,22684000.0,0.00280664,22738000.0,-54000.0,0,1669413925244001
2022-11-25,22:05:25,1669413925244,22682000.0,0.01,22738000.0,-56000.0,0,1669413925244000
2022-11-25,22:05:27,1669413927148,22684000.0,0.00096469,22738000.0,-54000.0,0,1669413927148000
2022-11-25,22:05:33,1669413933677,22684000.0,0.00070223,22738000.0,-54000.0,0,1669413933677000
2022-11-25,22:05:35,1669413935241,22684000.0,0.01324115,22738000.0,-54000.0,0,1669413935241000
2022-11-25,22:05:38,1669413938526,22670000.0,0.05555304,22738000.0,-68000.0,1,1669413938526000
2022-11-25,22:05:38,1669413938691,22670000.0,0.19717915,22738000.0,-68000.0,0,1669413938691000
2022-11-25,22:05:46,1669413946865,22671000.0,0.00222883,22738000.0,-67000.0,0,1669413946865001
2022-11-25,22:05:46,1669413946865,22670000.0,0.00350208,22738000.0,-68000.0,0,1669413946865000
2022-11-25,22:05:55,1669413955959,22671000.0,0.00132305,22738000.0,-67000.0,0,1669413955959000
2022-11-25,22:06:07,1669413967961,22669000.0,0.05730608,22738000.0,-69000.0,1,1669413967961000
2022-11-25,22:06:09,1669413969500,22671000.0,0.0123392,22738000.0,-67000.0,0,1669413969500000
2022-11-25,22:06:12,1669413972153,22671000.0,0.00026024,22738000.0,-67000.0,0,1669413972153000
2022-11-25,22:06:12,1669413972223,22671000.0,0.00026024,22738000.0,-67000.0,0,1669413972223000
2022-11-25,22:06:15,1669413975161,22681000.0,0.02153157,22738000.0,-57000.0,0,1669413975161000
2022-11-25,22:06:15,1669413975161,22671000.0,0.00051353,22738000.0,-67000.0,0,1669413975161001
2022-11-25,22:06:28,1669413988153,22671000.0,0.01257225,22738000.0,-67000.0,1,1669413988153000
2022-11-25,22:06:34,1669413994709,22683000.0,0.02917039,22738000.0,-55000.0,0,1669413994709000
2022-11-25,22:06:40,1669414000013,22671000.0,0.01322402,22738000.0,-67000.0,1,1669414000013000
2022-11-25,22:06:56,1669414016754,22683000.0,0.10678869,22738000.0,-55000.0,0,1669414016754000
2022-11-25,22:07:46,1669414066344,22671000.0,0.04431784,22738000.0,-67000.0,1,1669414066344000
2022-11-25,22:07:48,1669414068513,22682000.0,0.00105439,22738000.0,-56000.0,0,1669414068513001
2022-11-25,22:07:48,1669414068513,22683000.0,0.01215061,22738000.0,-55000.0,0,1669414068513000
2022-11-25,22:07:50,1669414070051,22683000.0,0.00440858,22738000.0,-55000.0,0,1669414070051000
2022-11-25,22:08:12,1669414092993,22683000.0,0.03084468,22738000.0,-55000.0,0,1669414092993000
2022-11-25,22:08:28,1669414108886,22671000.0,0.01322577,22738000.0,-67000.0,1,1669414108886000
2022-11-25,22:08:33,1669414113183,22671000.0,0.00067953,22738000.0,-67000.0,1,1669414113183000
2022-11-25,22:08:34,1669414114961,22671000.0,0.06,22738000.0,-67000.0,1,1669414114961005
2022-11-25,22:08:34,1669414114961,22671000.0,0.02804865,22738000.0,-67000.0,1,1669414114961004
2022-11-25,22:08:34,1669414114961,22671000.0,0.00022495,22738000.0,-67000.0,1,1669414114961003
2022-11-25,22:08:34,1669414114961,22671000.0,0.01598059,22738000.0,-67000.0,1,1669414114961002
2022-11-25,22:08:34,1669414114961,22671000.0,0.15374838,22738000.0,-67000.0,1,1669414114961001
2022-11-25,22:08:34,1669414114961,22671000.0,0.00071103,22738000.0,-67000.0,1,1669414114961000
2022-11-25,22:08:41,1669414121265,22683000.0,0.00651332,22738000.0,-55000.0,0,1669414121265001
2022-11-25,22:08:41,1669414121265,22682000.0,0.00880966,22738000.0,-56000.0,0,1669414121265000
2022-11-25,22:08:44,1669414124015,22683000.0,0.03098752,22738000.0,-55000.0,0,1669414124015000
2022-11-25,22:08:54,1669414134571,22680000.0,0.00022045,22738000.0,-58000.0,0,1669414134571000
2022-11-25,22:08:57,1669414137578,22680000.0,0.01477955,22738000.0,-58000.0,0,1669414137578000
2022-11-25,22:09:04,1669414144832,22680000.0,0.00022052,22738000.0,-58000.0,1,1669414144832000
2022-11-25,22:09:05,1669414145833,22680000.0,0.01659774,22738000.0,-58000.0,1,1669414145833000
2022-11-25,22:09:12,1669414152230,22680000.0,0.00067413,22738000.0,-58000.0,1,1669414152230000
2022-11-25,22:09:18,1669414158621,22680000.0,0.050278,22738000.0,-58000.0,1,1669414158621001
2022-11-25,22:09:18,1669414158621,22680000.0,0.10711652,22738000.0,-58000.0,1,1669414158621000
2022-11-25,22:09:20,1669414160162,22680000.0,0.08475084,22738000.0,-58000.0,1,1669414160162000
2022-11-25,22:09:20,1669414160693,22683000.0,0.01182402,22738000.0,-55000.0,0,1669414160693000
2022-11-25,22:09:20,1669414160707,22680000.0,0.00438646,22738000.0,-58000.0,1,1669414160707000
2022-11-25,22:09:21,1669414161190,22680000.0,0.08104325,22738000.0,-58000.0,1,1669414161190001
2022-11-25,22:09:21,1669414161190,22680000.0,0.01320732,22738000.0,-58000.0,1,1669414161190000
2022-11-25,22:09:23,1669414163909,22680000.0,0.00556957,22738000.0,-58000.0,0,1669414163909000
2022-11-25,22:09:34,1669414174015,22671000.0,0.00160125,22738000.0,-67000.0,1,1669414174015000
2022-11-25,22:09:41,1669414181505,22671000.0,0.06778727,22738000.0,-67000.0,1,1669414181505000
2022-11-25,22:09:49,1669414189232,22671000.0,0.00440871,22738000.0,-67000.0,1,1669414189232011
2022-11-25,22:09:49,1669414189232,22669000.0,0.00441131,22738000.0,-69000.0,1,1669414189232010
2022-11-25,22:09:49,1669414189232,22668000.0,0.11296818,22738000.0,-70000.0,1,1669414189232009
2022-11-25,22:09:49,1669414189232,22669000.0,0.01155648,22738000.0,-69000.0,1,1669414189232008
2022-11-25,22:09:49,1669414189232,22669000.0,0.00022497,22738000.0,-69000.0,1,1669414189232007
2022-11-25,22:09:49,1669414189232,22671000.0,0.00044091,22738000.0,-67000.0,1,1669414189232006
2022-11-25,22:09:49,1669414189232,22671000.0,0.00441092,22738000.0,-67000.0,1,1669414189232005
2022-11-25,22:09:49,1669414189232,22669000.0,0.00022497,22738000.0,-69000.0,1,1669414189232004
2022-11-25,22:09:49,1669414189232,22671000.0,0.09432458,22738000.0,-67000.0,1,1669414189232003
2022-11-25,22:09:49,1669414189232,22669000.0,0.00022497,22738000.0,-69000.0,1,1669414189232002
2022-11-25,22:10:10,1669414210727,22669000.0,0.00080858,22738000.0,-69000.0,1,1669414210727000
2022-11-25,22:10:10,1669414210727,22669000.0,0.00800146,22738000.0,-69000.0,1,1669414210727001
2022-11-25,22:10:12,1669414212123,22671000.0,0.0220546,22738000.0,-67000.0,0,1669414212123000
2022-11-25,22:10:14,1669414214194,22668000.0,0.09991162,22738000.0,-70000.0,1,1669414214194001
2022-11-25,22:10:14,1669414214194,22669000.0,0.00360234,22738000.0,-69000.0,1,1669414214194000
2022-11-25,22:10:21,1669414221393,22669000.0,0.00073104,22738000.0,-69000.0,1,1669414221393000
2022-11-25,22:10:23,1669414223585,22669000.0,0.00926896,22738000.0,-69000.0,1,1669414223585001
2022-11-25,22:10:23,1669414223585,22668000.0,0.00721999,22738000.0,-70000.0,1,1669414223585000
2022-11-25,22:10:31,1669414231440,22668000.0,0.63051115,22738000.0,-70000.0,1,1669414231440003
2022-11-25,22:10:31,1669414231440,22668000.0,0.12078039,22738000.0,-70000.0,1,1669414231440004
2022-11-25,22:10:31,1669414231440,22668000.0,0.00132345,22738000.0,-70000.0,1,1669414231440005
2022-11-25,22:10:31,1669414231440,22668000.0,1.94107224,22738000.0,-70000.0,1,1669414231440006
2022-11-25,22:10:31,1669414231440,22668000.0,0.00044115,22738000.0,-70000.0,1,1669414231440007
2022-11-25,22:10:31,1669414231440,22668000.0,0.03243481,22738000.0,-70000.0,1,1669414231440009
2022-11-25,22:10:31,1669414231440,22668000.0,0.00022061,22738000.0,-70000.0,1,1669414231440010
2022-11-25,22:10:31,1669414231440,22668000.0,0.01,22738000.0,-70000.0,1,1669414231440011
2022-11-25,22:10:31,1669414231440,22668000.0,0.00033,22738000.0,-70000.0,1,1669414231440012
2022-11-25,22:10:31,1669414231440,22668000.0,0.00044512,22738000.0,-70000.0,1,1669414231440008
2022-11-25,22:10:43,1669414243534,22668000.0,0.00061336,22738000.0,-70000.0,1,1669414243534000
2022-11-25,22:11:01,1669414261139,22668000.0,0.00172256,22738000.0,-70000.0,1,1669414261139000
2022-11-25,22:11:02,1669414262605,22668000.0,0.00410161,22738000.0,-70000.0,1,1669414262605000
2022-11-25,22:11:11,1669414271417,22669000.0,0.03195996,22738000.0,-69000.0,0,1669414271417000
2022-11-25,22:11:11,1669414271458,22669000.0,0.0038226,22738000.0,-69000.0,1,1669414271458000
2022-11-25,22:11:12,1669414272096,22669000.0,0.00222309,22738000.0,-69000.0,1,1669414272096000
2022-11-25,22:11:18,1669414278431,22669000.0,0.0019113,22738000.0,-69000.0,1,1669414278431000
2022-11-25,22:11:28,1669414288181,22669000.0,0.0129,22738000.0,-69000.0,1,1669414288181000
2022-11-25,22:11:31,1669414291184,22669000.0,0.0529,22738000.0,-69000.0,1,1669414291184000
2022-11-25,22:11:31,1669414291382,22669000.0,0.02655623,22738000.0,-69000.0,1,1669414291382001
2022-11-25,22:11:31,1669414291382,22669000.0,0.03897623,22738000.0,-69000.0,1,1669414291382000
2022-11-25,22:11:31,1669414291784,22669000.0,0.00044113,22738000.0,-69000.0,0,1669414291784000
2022-11-25,22:11:35,1669414295786,22669000.0,0.01570187,22738000.0,-69000.0,0,1669414295786000
2022-11-25,22:11:52,1669414312498,22669000.0,0.00154117,22738000.0,-69000.0,1,1669414312498000
2022-11-25,22:12:00,1669414320673,22669000.0,0.0108,22738000.0,-69000.0,1,1669414320673000
2022-11-25,22:12:01,1669414321107,22670000.0,0.0055,22738000.0,-68000.0,0,1669414321107000
2022-11-25,22:12:02,1669414322649,22668000.0,0.0015958,22738000.0,-70000.0,1,1669414322649001
2022-11-25,22:12:02,1669414322649,22669000.0,0.0094042,22738000.0,-69000.0,1,1669414322649000
2022-11-25,22:12:03,1669414323268,22668000.0,0.01967114,22738000.0,-70000.0,1,1669414323268000
2022-11-25,22:12:03,1669414323268,22668000.0,0.01716911,22738000.0,-70000.0,1,1669414323268001
2022-11-25,22:12:03,1669414323268,22668000.0,0.069,22738000.0,-70000.0,1,1669414323268003
2022-11-25,22:12:03,1669414323268,22668000.0,0.14311061,22738000.0,-70000.0,1,1669414323268004
2022-11-25,22:12:03,1669414323268,22668000.0,0.00374914,22738000.0,-70000.0,1,1669414323268002
2022-11-25,22:12:05,1669414325243,22668000.0,0.0471,22738000.0,-70000.0,1,1669414325243000
2022-11-25,22:12:07,1669414327250,22668000.0,0.0782,22738000.0,-70000.0,1,1669414327250000
2022-11-25,22:12:09,1669414329257,22668000.0,0.0338,22738000.0,-70000.0,1,1669414329257000
2022-11-25,22:12:10,1669414330149,22668000.0,0.005,22738000.0,-70000.0,1,1669414330149000
2022-11-25,22:12:11,1669414331176,22668000.0,0.085,22738000.0,-70000.0,1,1669414331176000
2022-11-25,22:12:13,1669414333262,22668000.0,0.0555,22738000.0,-70000.0,1,1669414333262000
2022-11-25,22:12:17,1669414337267,22668000.0,0.0617,22738000.0,-70000.0,1,1669414337267000
2022-11-25,22:12:19,1669414339347,22668000.0,0.016818,22738000.0,-70000.0,1,1669414339347000
2022-11-25,22:12:20,1669414340154,22668000.0,0.0241,22738000.0,-70000.0,1,1669414340154000
2022-11-25,22:12:22,1669414342149,22668000.0,0.1155,22738000.0,-70000.0,1,1669414342149000
2022-11-25,22:12:24,1669414344885,22668000.0,0.24216215,22738000.0,-70000.0,1,1669414344885000
2022-11-25,22:12:25,1669414345467,22668000.0,0.4045,22738000.0,-70000.0,1,1669414345467000
2022-11-25,22:12:27,1669414347037,22668000.0,0.0302,22738000.0,-70000.0,1,1669414347037000
2022-11-25,22:12:27,1669414347475,22668000.0,0.00101816,22738000.0,-70000.0,1,1669414347475001
2022-11-25,22:12:27,1669414347475,22668000.0,0.88958184,22738000.0,-70000.0,1,1669414347475000
2022-11-25,22:12:27,1669414347907,22667000.0,0.00434968,22738000.0,-71000.0,1,1669414347907001
2022-11-25,22:12:27,1669414347907,22668000.0,8.471e-05,22738000.0,-70000.0,1,1669414347907000
2022-11-25,22:12:31,1669414351072,22667000.0,0.0499,22738000.0,-71000.0,1,1669414351072000
2022-11-25,22:12:33,1669414353546,22667000.0,0.05732343,22738000.0,-71000.0,1,1669414353546001
2022-11-25,22:12:33,1669414353546,22667000.0,0.00044116,22738000.0,-71000.0,1,1669414353546002
2022-11-25,22:12:33,1669414353546,22667000.0,0.04969528,22738000.0,-71000.0,1,1669414353546003
2022-11-25,22:12:33,1669414353546,22667000.0,0.00882339,22738000.0,-71000.0,1,1669414353546004
2022-11-25,22:12:33,1669414353546,22667000.0,0.01333373,22738000.0,-71000.0,1,1669414353546005
2022-11-25,22:12:33,1669414353546,22667000.0,0.00082705,22738000.0,-71000.0,1,1669414353546008
2022-11-25,22:12:33,1669414353546,22667000.0,0.00792721,22738000.0,-71000.0,1,1669414353546007
2022-11-25,22:12:33,1669414353546,22667000.0,0.01407369,22738000.0,-71000.0,1,1669414353546009
2022-11-25,22:12:33,1669414353546,22667000.0,0.13228485,22738000.0,-71000.0,1,1669414353546010
2022-11-25,22:12:33,1669414353546,22667000.0,0.00882339,22738000.0,-71000.0,1,1669414353546006
2022-11-25,22:12:36,1669414356918,22666000.0,0.000225,22738000.0,-72000.0,1,1669414356918005
2022-11-25,22:12:36,1669414356918,22666000.0,0.01323568,22738000.0,-72000.0,1,1669414356918002
2022-11-25,22:12:36,1669414356918,22666000.0,0.33513641,22738000.0,-72000.0,1,1669414356918003
2022-11-25,22:12:36,1669414356918,22666000.0,0.03069696,22738000.0,-72000.0,1,1669414356918004
2022-11-25,22:12:36,1669414356918,22666000.0,0.00272807,22738000.0,-72000.0,1,1669414356918006
2022-11-25,22:12:36,1669414356918,22666000.0,0.00067916,22738000.0,-72000.0,1,1669414356918008
2022-11-25,22:12:36,1669414356918,22666000.0,0.00450048,22738000.0,-72000.0,1,1669414356918009
2022-11-25,22:12:36,1669414356918,22666000.0,0.02577838,22738000.0,-72000.0,1,1669414356918010
2022-11-25,22:12:36,1669414356918,22666000.0,0.00088193,22738000.0,-72000.0,1,1669414356918011
2022-11-25,22:12:36,1669414356918,22666000.0,0.00044118,22738000.0,-72000.0,1,1669414356918007
2022-11-25,22:12:37,1669414357387,22666000.0,0.01,22738000.0,-72000.0,0,1669414357387000
2022-11-25,22:12:38,1669414358513,22665000.0,0.0103793,22738000.0,-73000.0,1,1669414358513001
2022-11-25,22:12:38,1669414358513,22665000.0,0.0002207,22738000.0,-73000.0,1,1669414358513000
2022-11-25,22:12:40,1669414360579,22666000.0,0.01,22738000.0,-72000.0,0,1669414360579000
2022-11-25,22:12:48,1669414368173,22666000.0,0.00062021,22738000.0,-72000.0,0,1669414368173000
2022-11-25,22:12:51,1669414371917,22666000.0,0.06,22738000.0,-72000.0,0,1669414371917000
2022-11-25,22:12:54,1669414374037,22666000.0,0.0014998,22738000.0,-72000.0,0,1669414374037000
2022-11-25,22:12:54,1669414374691,22666000.0,0.00441189,22738000.0,-72000.0,0,1669414374691000
2022-11-25,22:12:55,1669414375183,22665000.0,0.00441208,22738000.0,-73000.0,1,1669414375183004
2022-11-25,22:12:55,1669414375183,22665000.0,0.11906687,22738000.0,-73000.0,1,1669414375183003
2022-11-25,22:12:55,1669414375183,22665000.0,0.00022501,22738000.0,-73000.0,1,1669414375183002
2022-11-25,22:12:55,1669414375183,22665000.0,0.10179365,22738000.0,-73000.0,1,1669414375183001
2022-11-25,22:12:55,1669414375183,22665000.0,0.03920239,22738000.0,-73000.0,1,1669414375183000
2022-11-25,22:12:59,1669414379140,22666000.0,0.03808836,22738000.0,-72000.0,0,1669414379140000
2022-11-25,22:12:59,1669414379140,22666000.0,0.07750825,22738000.0,-72000.0,0,1669414379140001
2022-11-25,22:13:01,1669414381844,22665000.0,0.01324951,22738000.0,-73000.0,1,1669414381844000
2022-11-25,22:13:01,1669414381847,22666000.0,0.00185423,22738000.0,-72000.0,0,1669414381847000
2022-11-25,22:13:05,1669414385459,22666000.0,0.06373145,22738000.0,-72000.0,0,1669414385459001
2022-11-25,22:13:05,1669414385459,22666000.0,0.00275357,22738000.0,-72000.0,0,1669414385459000
2022-11-25,22:13:14,1669414394001,22666000.0,0.00030883,22738000.0,-72000.0,0,1669414394001000
2022-11-25,22:13:18,1669414398495,22665000.0,0.009,22738000.0,-73000.0,1,1669414398495000
2022-11-25,22:13:27,1669414407360,22666000.0,0.00037817,22738000.0,-72000.0,0,1669414407360000
2022-11-25,22:13:32,1669414412051,22666000.0,0.00059155,22738000.0,-72000.0,0,1669414412051000
2022-11-25,22:13:33,1669414413046,22666000.0,0.1,22738000.0,-72000.0,0,1669414413046000
2022-11-25,22:13:33,1669414413577,22665000.0,0.01748905,22738000.0,-73000.0,1,1669414413577000
2022-11-25,22:13:38,1669414418563,22665000.0,0.04409884,22738000.0,-73000.0,1,1669414418563000
2022-11-25,22:13:38,1669414418563,22665000.0,0.01,22738000.0,-73000.0,1,1669414418563001
2022-11-25,22:13:38,1669414418563,22665000.0,0.0004651,22738000.0,-73000.0,1,1669414418563002
2022-11-25,22:13:38,1669414418563,22665000.0,0.07904305,22738000.0,-73000.0,1,1669414418563003
2022-11-25,22:13:38,1669414418563,22665000.0,0.034,22738000.0,-73000.0,1,1669414418563004
2022-11-25,22:13:50,1669414430638,22664000.0,0.00794674,22738000.0,-74000.0,1,1669414430638003
2022-11-25,22:13:50,1669414430638,22664000.0,0.01917027,22738000.0,-74000.0,1,1669414430638002
2022-11-25,22:13:50,1669414430638,22664000.0,0.00022502,22738000.0,-74000.0,1,1669414430638001
2022-11-25,22:13:50,1669414430638,22664000.0,0.00088245,22738000.0,-74000.0,1,1669414430638000
2022-11-25,22:13:52,1669414432711,22664000.0,0.01,22738000.0,-74000.0,0,1669414432711000
2022-11-25,22:13:55,1669414435449,22664000.0,0.18795353,22738000.0,-74000.0,0,1669414435449000
2022-11-25,22:13:56,1669414436274,22664000.0,0.00068533,22738000.0,-74000.0,0,1669414436274000
2022-11-25,22:14:01,1669414441232,22663000.0,0.00438136,22738000.0,-75000.0,1,1669414441232001
2022-11-25,22:14:01,1669414441232,22663000.0,0.0048774,22738000.0,-75000.0,1,1669414441232000
2022-11-25,22:14:01,1669414441232,22663000.0,0.00044124,22738000.0,-75000.0,1,1669414441232002
2022-11-25,22:14:02,1669414442359,22663000.0,0.006,22738000.0,-75000.0,1,1669414442359000
2022-11-25,22:14:03,1669414443174,22663000.0,0.03450646,22738000.0,-75000.0,1,1669414443174001
2022-11-25,22:14:03,1669414443174,22663000.0,0.00349854,22738000.0,-75000.0,1,1669414443174000
2022-11-25,22:14:03,1669414443209,22663000.0,0.01412125,22738000.0,-75000.0,1,1669414443209001
2022-11-25,22:14:03,1669414443209,22663000.0,0.00291532,22738000.0,-75000.0,1,1669414443209000
2022-11-25,22:14:03,1669414443243,22663000.0,0.01627261,22738000.0,-75000.0,1,1669414443243001
2022-11-25,22:14:03,1669414443243,22663000.0,0.00022503,22738000.0,-75000.0,1,1669414443243000
2022-11-25,22:14:03,1669414443299,22662000.0,0.00022067,22738000.0,-76000.0,1,1669414443299000
2022-11-25,22:14:03,1669414443299,22662000.0,0.00377933,22738000.0,-76000.0,1,1669414443299001
2022-11-25,22:14:03,1669414443426,22662000.0,0.0070013,22738000.0,-76000.0,1,1669414443426000
2022-11-25,22:14:03,1669414443426,22662000.0,0.00022504,22738000.0,-76000.0,1,1669414443426001
2022-11-25,22:14:03,1669414443426,22661000.0,0.00755298,22738000.0,-77000.0,1,1669414443426003
2022-11-25,22:14:03,1669414443426,22661000.0,0.00022068,22738000.0,-77000.0,1,1669414443426002
2022-11-25,22:14:03,1669414443556,22661000.0,0.02253945,22738000.0,-77000.0,1,1669414443556000
2022-11-25,22:14:03,1669414443556,22661000.0,0.02696291,22738000.0,-77000.0,1,1669414443556001
2022-11-25,22:14:04,1669414444156,22663000.0,0.00022062,22738000.0,-75000.0,0,1669414444156000
2022-11-25,22:14:04,1669414444164,22661000.0,0.07,22738000.0,-77000.0,1,1669414444164000
2022-11-25,22:14:04,1669414444357,22661000.0,0.071539,22738000.0,-77000.0,1,1669414444357000
2022-11-25,22:14:05,1669414445149,22661000.0,0.005,22738000.0,-77000.0,1,1669414445149000
2022-11-25,22:14:05,1669414445192,22661000.0,0.04406214,22738000.0,-77000.0,1,1669414445192001
2022-11-25,22:14:05,1669414445192,22661000.0,0.02493786,22738000.0,-77000.0,1,1669414445192000
2022-11-25,22:14:05,1669414445241,22661000.0,0.00559662,22738000.0,-77000.0,1,1669414445241000
2022-11-25,22:14:05,1669414445881,22661000.0,0.01,22738000.0,-77000.0,0,1669414445881000
2022-11-25,22:14:07,1669414447075,22660000.0,0.01246128,22738000.0,-78000.0,1,1669414447075002
2022-11-25,22:14:07,1669414447075,22660000.0,0.08143872,22738000.0,-78000.0,1,1669414447075001
2022-11-25,22:14:07,1669414447075,22660000.0,0.01,22738000.0,-78000.0,1,1669414447075000
2022-11-25,22:14:09,1669414449250,22664000.0,0.00088205,22738000.0,-74000.0,0,1669414449250000
2022-11-25,22:14:11,1669414451970,22660000.0,0.00220653,22738000.0,-78000.0,1,1669414451970004
2022-11-25,22:14:11,1669414451970,22660000.0,0.0004413,22738000.0,-78000.0,1,1669414451970005
2022-11-25,22:14:11,1669414451970,22660000.0,0.00132356,22738000.0,-78000.0,1,1669414451970006
2022-11-25,22:14:11,1669414451970,22660000.0,0.00441306,22738000.0,-78000.0,1,1669414451970007
2022-11-25,22:14:11,1669414451970,22660000.0,0.0043812,22738000.0,-78000.0,1,1669414451970008
2022-11-25,22:14:11,1669414451970,22660000.0,0.00022069,22738000.0,-78000.0,1,1669414451970009
2022-11-25,22:14:11,1669414451970,22660000.0,0.01323918,22738000.0,-78000.0,1,1669414451970010
2022-11-25,22:14:11,1669414451970,22660000.0,0.00030801,22738000.0,-78000.0,1,1669414451970011
2022-11-25,22:14:11,1669414451970,22660000.0,0.04413062,22738000.0,-78000.0,1,1669414451970012
2022-11-25,22:14:11,1669414451970,22660000.0,0.0004413,22738000.0,-78000.0,1,1669414451970013
2022-11-25,22:14:14,1669414454134,22660000.0,0.000665,22738000.0,-78000.0,0,1669414454134000
2022-11-25,22:14:16,1669414456167,22660000.0,0.01,22738000.0,-78000.0,0,1669414456167000
2022-11-25,22:14:19,1669414459930,22659000.0,0.00078271,22738000.0,-79000.0,1,1669414459930000
2022-11-25,22:14:25,1669414465699,22660000.0,0.01,22738000.0,-78000.0,0,1669414465699000
2022-11-25,22:14:26,1669414466010,22659000.0,0.00405762,22738000.0,-79000.0,1,1669414466010003
2022-11-25,22:14:26,1669414466010,22659000.0,0.04880812,22738000.0,-79000.0,1,1669414466010002
2022-11-25,22:14:26,1669414466010,22659000.0,0.00044133,22738000.0,-79000.0,1,1669414466010001
2022-11-25,22:14:26,1669414466010,22659000.0,0.02,22738000.0,-79000.0,1,1669414466010000
2022-11-25,22:14:26,1669414466010,22659000.0,0.00121729,22738000.0,-79000.0,1,1669414466010004
2022-11-25,22:14:28,1669414468919,22659000.0,0.0220465,22738000.0,-79000.0,1,1669414468919000
2022-11-25,22:14:33,1669414473076,22659000.0,0.00441306,22738000.0,-79000.0,1,1669414473076002
2022-11-25,22:14:33,1669414473076,22659000.0,0.05034156,22738000.0,-79000.0,1,1669414473076001
2022-11-25,22:14:33,1669414473076,22659000.0,0.02914538,22738000.0,-79000.0,1,1669414473076000
2022-11-25,22:14:33,1669414473345,22659000.0,0.01205614,22738000.0,-79000.0,1,1669414473345000
2022-11-25,22:14:35,1669414475222,22659000.0,0.00137218,22738000.0,-79000.0,0,1669414475222000
2022-11-25,22:14:37,1669414477182,22658000.0,0.001,22738000.0,-80000.0,1,1669414477182000
2022-11-25,22:14:37,1669414477182,22658000.0,0.1,22738000.0,-80000.0,1,1669414477182001
2022-11-25,22:14:37,1669414477182,22658000.0,0.00882612,22738000.0,-80000.0,1,1669414477182003
2022-11-25,22:14:37,1669414477182,22658000.0,0.00204831,22738000.0,-80000.0,1,1669414477182002
2022-11-25,22:14:39,1669414479519,22658000.0,0.01727574,22738000.0,-80000.0,0,1669414479519002
2022-11-25,22:14:39,1669414479519,22659000.0,0.02624303,22738000.0,-79000.0,0,1669414479519001
2022-11-25,22:14:39,1669414479519,22658000.0,0.02285567,22738000.0,-80000.0,0,1669414479519000
2022-11-25,22:14:39,1669414479920,22659000.0,0.00441325,22738000.0,-79000.0,0,1669414479920000
2022-11-25,22:14:43,1669414483642,22659000.0,0.0264663,22738000.0,-79000.0,0,1669414483642000
2022-11-25,22:14:44,1669414484340,22658000.0,0.01,22738000.0,-80000.0,1,1669414484340000
2022-11-25,22:14:46,1669414486433,22658000.0,0.04413452,22738000.0,-80000.0,0,1669414486433000
2022-11-25,22:14:47,1669414487999,22658000.0,0.03089741,22738000.0,-80000.0,0,1669414487999000
2022-11-25,22:15:04,1669414504685,22657000.0,0.01324094,22738000.0,-81000.0,1,1669414504685000
2022-11-25,22:15:04,1669414504685,22657000.0,0.00022072,22738000.0,-81000.0,1,1669414504685002
2022-11-25,22:15:04,1669414504685,22657000.0,0.01914427,22738000.0,-81000.0,1,1669414504685001
2022-11-25,22:15:05,1669414505183,22658000.0,0.00343566,22738000.0,-80000.0,0,1669414505183000
2022-11-25,22:15:06,1669414506284,22657000.0,0.02415,22738000.0,-81000.0,1,1669414506284000
2022-11-25,22:15:15,1669414515016,22657000.0,0.15046794,22738000.0,-81000.0,1,1669414515016000
2022-11-25,22:15:16,1669414516765,22657000.0,0.00220682,22738000.0,-81000.0,1,1669414516765005
2022-11-25,22:15:16,1669414516765,22657000.0,0.04985701,22738000.0,-81000.0,1,1669414516765004
2022-11-25,22:15:16,1669414516765,22657000.0,0.00623779,22738000.0,-81000.0,1,1669414516765003
2022-11-25,22:15:16,1669414516765,22657000.0,0.00044118,22738000.0,-81000.0,1,1669414516765002
2022-11-25,22:15:16,1669414516765,22657000.0,0.0079492,22738000.0,-81000.0,1,1669414516765001
2022-11-25,22:15:16,1669414516765,22657000.0,0.00126256,22738000.0,-81000.0,1,1669414516765000
2022-11-25,22:15:21,1669414521323,22657000.0,0.03626855,22738000.0,-81000.0,1,1669414521323000
2022-11-25,22:15:21,1669414521569,22657000.0,0.006,22738000.0,-81000.0,1,1669414521569001
2022-11-25,22:15:21,1669414521569,22657000.0,0.01387444,22738000.0,-81000.0,1,1669414521569000
2022-11-25,22:15:21,1669414521569,22657000.0,0.05086342,22738000.0,-81000.0,1,1669414521569003
2022-11-25,22:15:21,1669414521569,22657000.0,0.01323142,22738000.0,-81000.0,1,1669414521569002
2022-11-25,22:15:21,1669414521909,22657000.0,0.08154598,22738000.0,-81000.0,1,1669414521909000
2022-11-25,22:15:23,1669414523662,22656000.0,0.0063,22738000.0,-82000.0,1,1669414523662000
2022-11-25,22:15:26,1669414526432,22657000.0,0.00308889,22738000.0,-81000.0,0,1669414526432000
2022-11-25,22:15:30,1669414530388,22656000.0,0.06338,22738000.0,-82000.0,1,1669414530388000
2022-11-25,22:15:35,1669414535184,22657000.0,0.0013723,22738000.0,-81000.0,0,1669414535184000
2022-11-25,22:15:40,1669414540266,22656000.0,0.03472655,22738000.0,-82000.0,1,1669414540266001
2022-11-25,22:15:40,1669414540266,22656000.0,0.02626345,22738000.0,-82000.0,1,1669414540266000
2022-11-25,22:15:44,1669414544191,22657000.0,0.01323432,22738000.0,-81000.0,0,1669414544191000
2022-11-25,22:15:51,1669414551296,22656000.0,0.01087,22738000.0,-82000.0,1,1669414551296000
2022-11-25,22:15:57,1669414557158,22657000.0,0.44136469,22738000.0,-81000.0,0,1669414557158000
2022-11-25,22:15:59,1669414559005,22656000.0,0.04957768,22738000.0,-82000.0,1,1669414559005000
2022-11-25,22:16:02,1669414562867,22656000.0,0.068,22738000.0,-82000.0,1,1669414562867000
2022-11-25,22:16:05,1669414565171,22657000.0,0.0013723,22738000.0,-81000.0,0,1669414565171000
2022-11-25,22:16:09,1669414569015,22657000.0,0.00044136,22738000.0,-81000.0,0,1669414569015000
2022-11-25,22:16:09,1669414569999,22657000.0,0.0002604,22738000.0,-81000.0,0,1669414569999000
2022-11-25,22:16:10,1669414570037,22657000.0,0.0002604,22738000.0,-81000.0,0,1669414570037000
2022-11-25,22:16:13,1669414573645,22657000.0,0.02497,22738000.0,-81000.0,0,1669414573645000
2022-11-25,22:16:22,1669414582147,22657000.0,0.00041919,22738000.0,-81000.0,0,1669414582147000
2022-11-25,22:16:28,1669414588684,22657000.0,0.00434659,22738000.0,-81000.0,0,1669414588684000
2022-11-25,22:16:31,1669414591592,22656000.0,0.10997773,22738000.0,-82000.0,1,1669414591592000
2022-11-25,22:16:31,1669414591592,22656000.0,0.04463828,22738000.0,-82000.0,1,1669414591592001
2022-11-25,22:16:31,1669414591592,22656000.0,0.0002251,22738000.0,-82000.0,1,1669414591592002
2022-11-25,22:16:31,1669414591858,22656000.0,0.05536172,22738000.0,-82000.0,1,1669414591858000
2022-11-25,22:16:31,1669414591858,22656000.0,0.00441384,22738000.0,-82000.0,1,1669414591858002
2022-11-25,22:16:31,1669414591858,22656000.0,0.38190412,22738000.0,-82000.0,1,1669414591858003
2022-11-25,22:16:31,1669414591858,22656000.0,0.023,22738000.0,-82000.0,1,1669414591858001
2022-11-25,22:16:33,1669414593553,22657000.0,0.31598373,22738000.0,-81000.0,0,1669414593553001
2022-11-25,22:16:33,1669414593553,22657000.0,0.12538096,22738000.0,-81000.0,0,1669414593553000
2022-11-25,22:16:38,1669414598215,22656000.0,0.98011572,22738000.0,-82000.0,1,1669414598215000
2022-11-25,22:16:40,1669414600891,22656000.0,0.40519377,22738000.0,-82000.0,1,1669414600891000
2022-11-25,22:16:43,1669414603969,22656000.0,0.22058179,22738000.0,-82000.0,1,1669414603969001
2022-11-25,22:16:43,1669414603969,22656000.0,0.32401844,22738000.0,-82000.0,1,1669414603969000
2022-11-25,22:16:45,1669414605068,22656000.0,0.01088814,22738000.0,-82000.0,0,1669414605068000
2022-11-25,22:16:45,1669414605958,22656000.0,0.28688705,22738000.0,-82000.0,0,1669414605958000
2022-11-25,22:16:47,1669414607428,22656000.0,0.00044138,22738000.0,-82000.0,0,1669414607428000
2022-11-25,22:16:59,1669414619957,22656000.0,0.66195939,22738000.0,-82000.0,0,1669414619957000
2022-11-25,22:17:04,1669414624401,22656000.0,0.0025474,22738000.0,-82000.0,0,1669414624401000
2022-11-25,22:17:11,1669414631671,22656000.0,0.00254485,22738000.0,-82000.0,0,1669414631671000
2022-11-25,22:17:14,1669414634243,22656000.0,0.44138418,22738000.0,-82000.0,0,1669414634243000
2022-11-25,22:17:24,1669414644594,22656000.0,0.03683296,22738000.0,-82000.0,0,1669414644594001
2022-11-25,22:17:24,1669414644594,22656000.0,0.01530221,22738000.0,-82000.0,0,1669414644594000
2022-11-25,22:17:27,1669414647891,22656000.0,0.013,22738000.0,-82000.0,0,1669414647891000
2022-11-25,22:17:33,1669414653726,22656000.0,0.00441384,22738000.0,-82000.0,0,1669414653726000
2022-11-25,22:17:40,1669414660341,22656000.0,0.01,22738000.0,-82000.0,0,1669414660341000
2022-11-25,22:17:40,1669414660560,22656000.0,0.00441384,22738000.0,-82000.0,0,1669414660560000
2022-11-25,22:17:46,1669414666006,22656000.0,0.08822621,22738000.0,-82000.0,0,1669414666006000
2022-11-25,22:17:53,1669414673239,22655000.0,0.00085404,22738000.0,-83000.0,1,1669414673239000
2022-11-25,22:17:53,1669414673239,22655000.0,0.00493209,22738000.0,-83000.0,1,1669414673239002
2022-11-25,22:17:53,1669414673239,22655000.0,0.00263089,22738000.0,-83000.0,1,1669414673239001
2022-11-25,22:17:59,1669414679143,22656000.0,0.0132349,22738000.0,-82000.0,0,1669414679143000
2022-11-25,22:18:10,1669414690173,22656000.0,0.00166858,22738000.0,-82000.0,0,1669414690173000
2022-11-25,22:18:22,1669414702194,22655000.0,0.04413062,22738000.0,-83000.0,1,1669414702194003
2022-11-25,22:18:22,1669414702194,22655000.0,0.00211624,22738000.0,-83000.0,1,1669414702194002
2022-11-25,22:18:22,1669414702194,22655000.0,0.01713809,22738000.0,-83000.0,1,1669414702194001
2022-11-25,22:18:22,1669414702194,22655000.0,0.00441403,22738000.0,-83000.0,1,1669414702194000
2022-11-25,22:18:22,1669414702540,22656000.0,0.00922082,22738000.0,-82000.0,0,1669414702540000
2022-11-25,22:18:24,1669414704168,22656000.0,0.00917432,22738000.0,-82000.0,0,1669414704168000
2022-11-25,22:18:24,1669414704224,22656000.0,0.00920496,22738000.0,-82000.0,0,1669414704224000
2022-11-25,22:18:33,1669414713397,22656000.0,0.021,22738000.0,-82000.0,0,1669414713397000
2022-11-25,22:18:36,1669414716487,22656000.0,0.00535246,22738000.0,-82000.0,0,1669414716487000
2022-11-25,22:18:36,1669414716552,22656000.0,0.00539424,22738000.0,-82000.0,0,1669414716552000
2022-11-25,22:18:38,1669414718153,22656000.0,0.00536491,22738000.0,-82000.0,0,1669414718153000
2022-11-25,22:18:38,1669414718224,22656000.0,0.00537203,22738000.0,-82000.0,0,1669414718224001
2022-11-25,22:18:38,1669414718224,22656000.0,0.00028177,22738000.0,-82000.0,0,1669414718224000
2022-11-25,22:18:41,1669414721762,22655000.0,0.01191723,22738000.0,-83000.0,1,1669414721762009
2022-11-25,22:18:41,1669414721762,22655000.0,0.00882807,22738000.0,-83000.0,1,1669414721762010
2022-11-25,22:18:41,1669414721762,22655000.0,0.0132421,22738000.0,-83000.0,1,1669414721762011
2022-11-25,22:18:41,1669414721762,22655000.0,0.01204037,22738000.0,-83000.0,1,1669414721762013
2022-11-25,22:18:41,1669414721762,22655000.0,0.047,22738000.0,-83000.0,1,1669414721762012
2022-11-25,22:18:41,1669414721762,22655000.0,0.00132421,22738000.0,-83000.0,1,1669414721762015
2022-11-25,22:18:41,1669414721762,22655000.0,0.00176133,22738000.0,-83000.0,1,1669414721762016
2022-11-25,22:18:41,1669414721762,22655000.0,0.00441403,22738000.0,-83000.0,1,1669414721762017
2022-11-25,22:18:41,1669414721762,22655000.0,0.00022511,22738000.0,-83000.0,1,1669414721762018
2022-11-25,22:18:41,1669414721762,22655000.0,0.00441403,22738000.0,-83000.0,1,1669414721762014
2022-11-25,22:18:42,1669414722781,22655000.0,0.00586612,22738000.0,-83000.0,0,1669414722781000
2022-11-25,22:18:42,1669414722942,22655000.0,0.00466951,22738000.0,-83000.0,0,1669414722942000
2022-11-25,22:18:44,1669414724378,22654000.0,0.00022512,22738000.0,-84000.0,1,1669414724378001
2022-11-25,22:18:44,1669414724378,22654000.0,0.00081189,22738000.0,-84000.0,1,1669414724378000
2022-11-25,22:18:44,1669414724558,22655000.0,0.41739018,22738000.0,-83000.0,0,1669414724558000
2022-11-25,22:18:50,1669414730947,22655000.0,0.00185423,22738000.0,-83000.0,1,1669414730947000
2022-11-25,22:18:51,1669414731500,22656000.0,0.00882326,22738000.0,-82000.0,0,1669414731500000
2022-11-25,22:18:53,1669414733858,22655000.0,0.01544514,22738000.0,-83000.0,1,1669414733858000
2022-11-25,22:18:54,1669414734443,22655000.0,0.005,22738000.0,-83000.0,1,1669414734443000
2022-11-25,22:18:54,1669414734464,22656000.0,0.007,22738000.0,-82000.0,0,1669414734464000
2022-11-25,22:19:02,1669414742502,22656000.0,0.00044138,22738000.0,-82000.0,0,1669414742502000
2022-11-25,22:19:12,1669414752967,22656000.0,0.0002251,22738000.0,-82000.0,0,1669414752967000
2022-11-25,22:19:33,1669414773027,22656000.0,0.0094,22738000.0,-82000.0,0,1669414773027000
2022-11-25,22:19:34,1669414774196,22656000.0,0.00382637,22738000.0,-82000.0,0,1669414774196003
2022-11-25,22:19:34,1669414774196,22656000.0,0.00529662,22738000.0,-82000.0,0,1669414774196002
2022-11-25,22:19:34,1669414774196,22656000.0,0.00884414,22738000.0,-82000.0,0,1669414774196001
2022-11-25,22:19:34,1669414774196,22656000.0,0.00348517,22738000.0,-82000.0,0,1669414774196000
2022-11-25,22:19:35,1669414775021,22656000.0,0.0148,22738000.0,-82000.0,0,1669414775021000
2022-11-25,22:19:37,1669414777232,22656000.0,0.0499,22738000.0,-82000.0,0,1669414777232000
2022-11-25,22:19:38,1669414778023,22656000.0,0.01252145,22738000.0,-82000.0,0,1669414778023000
2022-11-25,22:19:38,1669414778129,22656000.0,0.01259671,22738000.0,-82000.0,0,1669414778129000
2022-11-25,22:19:38,1669414778464,22656000.0,0.01653208,22738000.0,-82000.0,0,1669414778464000
2022-11-25,22:19:38,1669414778899,22656000.0,0.016,22738000.0,-82000.0,0,1669414778899000
2022-11-25,22:19:39,1669414779237,22656000.0,0.0654,22738000.0,-82000.0,0,1669414779237000
2022-11-25,22:19:40,1669414780687,22656000.0,0.00911749,22738000.0,-82000.0,0,1669414780687000
2022-11-25,22:19:40,1669414780737,22656000.0,0.00920617,22738000.0,-82000.0,0,1669414780737000
2022-11-25,22:19:41,1669414781223,22656000.0,0.022558,22738000.0,-82000.0,0,1669414781223001
2022-11-25,22:19:41,1669414781223,22656000.0,0.097842,22738000.0,-82000.0,0,1669414781223000
2022-11-25,22:19:43,1669414783222,22657000.0,0.04108697,22738000.0,-81000.0,0,1669414783222001
2022-11-25,22:19:43,1669414783222,22656000.0,1.303e-05,22738000.0,-82000.0,0,1669414783222000
2022-11-25,22:19:45,1669414785237,22657000.0,0.0977,22738000.0,-81000.0,0,1669414785237000
2022-11-25,22:19:52,1669414792889,22657000.0,0.00642,22738000.0,-81000.0,0,1669414792889000
2022-11-25,22:19:53,1669414793283,22657000.0,0.00130063,22738000.0,-81000.0,0,1669414793283000
2022-11-25,22:19:53,1669414793513,22659000.0,0.00555568,22738000.0,-79000.0,0,1669414793513000
2022-11-25,22:19:55,1669414795094,22659000.0,0.00444929,22738000.0,-79000.0,0,1669414795094000
2022-11-25,22:19:57,1669414797137,22659000.0,0.00642508,22738000.0,-79000.0,0,1669414797137000
2022-11-25,22:19:57,1669414797201,22659000.0,0.00650139,22738000.0,-79000.0,0,1669414797201000
2022-11-25,22:19:57,1669414797248,22659000.0,0.013,22738000.0,-79000.0,0,1669414797248000
2022-11-25,22:19:59,1669414799267,22659000.0,0.0155,22738000.0,-79000.0,0,1669414799267000
2022-11-25,22:20:01,1669414801234,22659000.0,0.0533,22738000.0,-79000.0,0,1669414801234000
2022-11-25,22:20:01,1669414801281,22659000.0,0.00341776,22738000.0,-79000.0,0,1669414801281000
2022-11-25,22:20:03,1669414803296,22659000.0,0.1786,22738000.0,-79000.0,0,1669414803296000
2022-11-25,22:20:05,1669414805259,22659000.0,0.1809,22738000.0,-79000.0,0,1669414805259000
2022-11-25,22:20:05,1669414805307,22659000.0,0.04828325,22738000.0,-79000.0,0,1669414805307000
2022-11-25,22:20:06,1669414806143,22659000.0,0.30877363,22738000.0,-79000.0,0,1669414806143000
2022-11-25,22:20:14,1669414814952,22657000.0,0.00441365,22738000.0,-81000.0,0,1669414814952001
2022-11-25,22:20:14,1669414814952,22659000.0,0.00185635,22738000.0,-79000.0,0,1669414814952000
2022-11-25,22:20:15,1669414815361,22659000.0,0.04413257,22738000.0,-79000.0,0,1669414815361000
2022-11-25,22:20:16,1669414816032,22659000.0,0.4409,22738000.0,-79000.0,0,1669414816032000
2022-11-25,22:20:18,1669414818208,22659000.0,0.00044132,22738000.0,-79000.0,0,1669414818208000
2022-11-25,22:20:26,1669414826806,22655000.0,0.0015,22738000.0,-83000.0,1,1669414826806002
2022-11-25,22:20:26,1669414826806,22655000.0,0.09935392,22738000.0,-83000.0,1,1669414826806001
2022-11-25,22:20:26,1669414826806,22655000.0,0.00022511,22738000.0,-83000.0,1,1669414826806000
2022-11-25,22:20:30,1669414830005,22654000.0,0.00047061,22738000.0,-84000.0,1,1669414830005000
2022-11-25,22:20:30,1669414830694,22655000.0,0.02,22738000.0,-83000.0,0,1669414830694000
2022-11-25,22:20:30,1669414830914,22655000.0,0.00882807,22738000.0,-83000.0,0,1669414830914000
2022-11-25,22:20:33,1669414833259,22655000.0,0.00810418,22738000.0,-83000.0,0,1669414833259000
2022-11-25,22:20:37,1669414837409,22655000.0,0.009,22738000.0,-83000.0,0,1669414837409000
2022-11-25,22:20:39,1669414839652,22654000.0,0.00042355,22738000.0,-84000.0,1,1669414839652000
2022-11-25,22:20:54,1669414854338,22654000.0,0.01,22738000.0,-84000.0,1,1669414854338000
2022-11-25,22:20:58,1669414858079,22655000.0,0.00942396,22738000.0,-83000.0,0,1669414858079001
2022-11-25,22:20:58,1669414858079,22659000.0,0.0005574,22738000.0,-79000.0,0,1669414858079000
2022-11-25,22:21:03,1669414863480,22654000.0,0.00022512,22738000.0,-84000.0,1,1669414863480000
2022-11-25,22:21:03,1669414863480,22654000.0,0.00044142,22738000.0,-84000.0,1,1669414863480002
2022-11-25,22:21:03,1669414863480,22654000.0,0.005,22738000.0,-84000.0,1,1669414863480003
2022-11-25,22:21:03,1669414863480,22654000.0,0.00153002,22738000.0,-84000.0,1,1669414863480001
2022-11-25,22:21:03,1669414863480,22654000.0,0.0005,22738000.0,-84000.0,1,1669414863480005
2022-11-25,22:21:03,1669414863480,22654000.0,0.00441423,22738000.0,-84000.0,1,1669414863480006
2022-11-25,22:21:03,1669414863480,22654000.0,0.01323607,22738000.0,-84000.0,1,1669414863480004
2022-11-25,22:21:03,1669414863728,22654000.0,0.01,22738000.0,-84000.0,0,1669414863728000
2022-11-25,22:21:05,1669414865727,22654000.0,0.0825,22738000.0,-84000.0,0,1669414865727000
2022-11-25,22:21:05,1669414865772,22654000.0,1.786e-05,22738000.0,-84000.0,0,1669414865772001
2022-11-25,22:21:05,1669414865772,22659000.0,0.00198214,22738000.0,-79000.0,0,1669414865772000
2022-11-25,22:21:06,1669414866039,22653000.0,0.00038119,22738000.0,-85000.0,1,1669414866039000
2022-11-25,22:21:09,1669414869677,22659000.0,0.0355,22738000.0,-79000.0,0,1669414869677000
2022-11-25,22:21:13,1669414873190,22653000.0,0.06478065,22738000.0,-85000.0,1,1669414873190002
2022-11-25,22:21:13,1669414873190,22653000.0,0.02858159,22738000.0,-85000.0,1,1669414873190000
2022-11-25,22:21:13,1669414873190,22653000.0,0.00044122,22738000.0,-85000.0,1,1669414873190001
2022-11-25,22:21:13,1669414873190,22653000.0,0.00404964,22738000.0,-85000.0,1,1669414873190004
2022-11-25,22:21:13,1669414873190,22653000.0,0.0176577,22738000.0,-85000.0,1,1669414873190003
2022-11-25,22:21:13,1669414873190,22653000.0,0.00044144,22738000.0,-85000.0,1,1669414873190006
2022-11-25,22:21:13,1669414873190,22653000.0,0.00022513,22738000.0,-85000.0,1,1669414873190005
2022-11-25,22:21:13,1669414873190,22653000.0,0.003,22738000.0,-85000.0,1,1669414873190007
2022-11-25,22:21:13,1669414873190,22653000.0,0.02648655,22738000.0,-85000.0,1,1669414873190008
2022-11-25,22:21:13,1669414873190,22653000.0,0.00022513,22738000.0,-85000.0,1,1669414873190009
2022-11-25,22:21:21,1669414881400,22653000.0,0.00215759,22738000.0,-85000.0,1,1669414881400000
2022-11-25,22:21:24,1669414884901,22659000.0,0.0495,22738000.0,-79000.0,0,1669414884901000
2022-11-25,22:21:30,1669414890573,22659000.0,0.00341538,22738000.0,-79000.0,0,1669414890573000
2022-11-25,22:21:31,1669414891832,22653000.0,0.00034307,22738000.0,-85000.0,1,1669414891832000
2022-11-25,22:21:32,1669414892838,22659000.0,0.00110545,22738000.0,-79000.0,0,1669414892838000
2022-11-25,22:21:39,1669414899977,22659000.0,0.04242848,22738000.0,-79000.0,0,1669414899977001
2022-11-25,22:21:39,1669414899977,22658000.0,0.00337152,22738000.0,-80000.0,0,1669414899977000
2022-11-25,22:21:42,1669414902948,22653000.0,0.00030877,22738000.0,-85000.0,1,1669414902948000
2022-11-25,22:21:43,1669414903385,22659000.0,0.02206628,22738000.0,-79000.0,0,1669414903385000
2022-11-25,22:21:46,1669414906705,22659000.0,0.06165227,22738000.0,-79000.0,0,1669414906705000
2022-11-25,22:21:46,1669414906745,22659000.0,0.01077998,22738000.0,-79000.0,0,1669414906745000
2022-11-25,22:21:47,1669414907451,22659000.0,0.00790137,22738000.0,-79000.0,0,1669414907451000
2022-11-25,22:21:47,1669414907713,22659000.0,0.01284687,22738000.0,-79000.0,0,1669414907713000
2022-11-25,22:21:48,1669414908119,22659000.0,0.00307762,22738000.0,-79000.0,0,1669414908119000
2022-11-25,22:21:48,1669414908597,22659000.0,0.00906725,22738000.0,-79000.0,0,1669414908597000
2022-11-25,22:21:56,1669414916135,22654000.0,0.00027789,22738000.0,-84000.0,1,1669414916135000
2022-11-25,22:21:57,1669414917080,22659000.0,0.00044101,22738000.0,-79000.0,0,1669414917080000
2022-11-25,22:21:58,1669414918674,22659000.0,0.00082399,22738000.0,-79000.0,0,1669414918674000
2022-11-25,22:21:59,1669414919557,22654000.0,0.0002501,22738000.0,-84000.0,1,1669414919557000
2022-11-25,22:22:01,1669414921805,22654000.0,0.003,22738000.0,-84000.0,1,1669414921805000
2022-11-25,22:22:01,1669414921853,22654000.0,0.00065,22738000.0,-84000.0,1,1669414921853000
2022-11-25,22:22:02,1669414922117,22659000.0,0.00952866,22738000.0,-79000.0,0,1669414922117000
2022-11-25,22:22:03,1669414923767,22654000.0,0.00022509,22738000.0,-84000.0,1,1669414923767000
2022-11-25,22:22:04,1669414924038,22659000.0,0.00065052,22738000.0,-79000.0,0,1669414924038000
2022-11-25,22:22:05,1669414925254,22659000.0,0.04418616,22738000.0,-79000.0,0,1669414925254000
2022-11-25,22:22:10,1669414930236,22654000.0,0.00050646,22738000.0,-84000.0,1,1669414930236000
2022-11-25,22:22:13,1669414933094,22659000.0,0.00022286,22738000.0,-79000.0,0,1669414933094000
2022-11-25,22:22:13,1669414933859,22654000.0,0.01904044,22738000.0,-84000.0,1,1669414933859000
2022-11-25,22:22:17,1669414937224,22654000.0,0.0251494,22738000.0,-84000.0,1,1669414937224000
2022-11-25,22:22:21,1669414941394,22654000.0,0.00260199,22738000.0,-84000.0,0,1669414941394000
2022-11-25,22:22:22,1669414942273,22654000.0,0.00625157,22738000.0,-84000.0,1,1669414942273002
2022-11-25,22:22:22,1669414942273,22653000.0,0.01769123,22738000.0,-85000.0,1,1669414942273001
2022-11-25,22:22:22,1669414942273,22653000.0,0.0193352,22738000.0,-85000.0,1,1669414942273000
2022-11-25,22:22:25,1669414945019,22659000.0,0.00022507,22738000.0,-79000.0,0,1669414945019000
2022-11-25,22:22:28,1669414948747,22653000.0,0.0006648,22738000.0,-85000.0,1,1669414948747001
2022-11-25,22:22:28,1669414948747,22653000.0,0.00885542,22738000.0,-85000.0,1,1669414948747000
2022-11-25,22:22:34,1669414954828,22652000.0,0.00022514,22738000.0,-86000.0,1,1669414954828004
2022-11-25,22:22:34,1669414954828,22652000.0,0.00044154,22738000.0,-86000.0,1,1669414954828003
2022-11-25,22:22:34,1669414954828,22651000.0,0.002,22738000.0,-87000.0,1,1669414954828002
2022-11-25,22:22:34,1669414954828,22653000.0,0.00116477,22738000.0,-85000.0,1,1669414954828001
2022-11-25,22:22:34,1669414954828,22651000.0,0.00785875,22738000.0,-87000.0,1,1669414954828000
2022-11-25,22:22:38,1669414958963,22655000.0,0.0238988,22738000.0,-83000.0,1,1669414958963000
2022-11-25,22:22:39,1669414959563,22650000.0,0.0004,22738000.0,-88000.0,1,1669414959563005
2022-11-25,22:22:39,1669414959563,22650000.0,0.0784913,22738000.0,-88000.0,1,1669414959563006
2022-11-25,22:22:39,1669414959563,22650000.0,0.02202352,22738000.0,-88000.0,1,1669414959563007
2022-11-25,22:22:39,1669414959563,22651000.0,0.00022515,22738000.0,-87000.0,1,1669414959563008
2022-11-25,22:22:39,1669414959563,22650000.0,0.0603091,22738000.0,-88000.0,1,1669414959563009
2022-11-25,22:22:39,1669414959563,22650000.0,0.05300365,22738000.0,-88000.0,1,1669414959563012
2022-11-25,22:22:39,1669414959563,22650000.0,0.0004415,22738000.0,-88000.0,1,1669414959563011
2022-11-25,22:22:39,1669414959563,22651000.0,0.04960795,22738000.0,-87000.0,1,1669414959563010
2022-11-25,22:22:39,1669414959563,22650000.0,0.00441501,22738000.0,-88000.0,1,1669414959563013
2022-11-25,22:22:39,1669414959563,22651000.0,0.06261308,22738000.0,-87000.0,1,1669414959563014
2022-11-25,22:22:41,1669414961144,22655000.0,0.00441325,22738000.0,-83000.0,0,1669414961144000
2022-11-25,22:22:47,1669414967292,22655000.0,0.017,22738000.0,-83000.0,0,1669414967292000
2022-11-25,22:22:49,1669414969464,22659000.0,0.0043965,22738000.0,-79000.0,0,1669414969464001
2022-11-25,22:22:49,1669414969464,22655000.0,1.676e-05,22738000.0,-83000.0,0,1669414969464000
2022-11-25,22:22:53,1669414973895,22650000.0,0.01496998,22738000.0,-88000.0,1,1669414973895000
2022-11-25,22:22:56,1669414976662,22659000.0,0.01324065,22738000.0,-79000.0,0,1669414976662000
2022-11-25,22:23:25,1669415005469,22659000.0,0.02870033,22738000.0,-79000.0,0,1669415005469000
2022-11-25,22:23:34,1669415014672,22653000.0,0.00220663,22738000.0,-85000.0,1,1669415014672000
2022-11-25,22:23:38,1669415018366,22659000.0,0.00044132,22738000.0,-79000.0,0,1669415018366000
2022-11-25,22:23:42,1669415022977,22653000.0,0.00299867,22738000.0,-85000.0,1,1669415022977000
2022-11-25,22:23:48,1669415028387,22653000.0,0.01282675,22738000.0,-85000.0,1,1669415028387000
2022-11-25,22:23:48,1669415028884,22659000.0,0.0002207,22738000.0,-79000.0,0,1669415028884000
2022-11-25,22:23:53,1669415033458,22653000.0,0.00992903,22738000.0,-85000.0,1,1669415033458001
2022-11-25,22:23:53,1669415033458,22653000.0,0.02196795,22738000.0,-85000.0,1,1669415033458000
2022-11-25,22:23:57,1669415037127,22653000.0,0.01652409,22738000.0,-85000.0,1,1669415037127000
2022-11-25,22:24:02,1669415042899,22653000.0,0.00665508,22738000.0,-85000.0,1,1669415042899000
2022-11-25,22:24:04,1669415044496,22653000.0,0.0117,22738000.0,-85000.0,0,1669415044496000
2022-11-25,22:24:17,1669415057030,22653000.0,2.143e-05,22738000.0,-85000.0,0,1669415057030000
2022-11-25,22:24:17,1669415057979,22659000.0,0.02071144,22738000.0,-79000.0,0,1669415057979000
2022-11-25,22:24:20,1669415060081,22659000.0,0.13827721,22738000.0,-79000.0,0,1669415060081000
2022-11-25,22:24:44,1669415084913,22659000.0,0.044,22738000.0,-79000.0,0,1669415084913000
2022-11-25,22:24:46,1669415086526,22659000.0,0.02206628,22738000.0,-79000.0,0,1669415086526000
2022-11-25,22:24:47,1669415087025,22653000.0,0.01322184,22738000.0,-85000.0,1,1669415087025000
2022-11-25,22:24:47,1669415087114,22653000.0,0.0812,22738000.0,-85000.0,0,1669415087114000
2022-11-25,22:24:49,1669415089175,22653000.0,0.0347,22738000.0,-85000.0,0,1669415089175000
2022-11-25,22:24:53,1669415093807,22659000.0,0.00497668,22738000.0,-79000.0,0,1669415093807001
2022-11-25,22:24:53,1669415093807,22653000.0,6.651e-05,22738000.0,-85000.0,0,1669415093807000
2022-11-25,22:24:54,1669415094052,22659000.0,0.0715,22738000.0,-79000.0,0,1669415094052000
2022-11-25,22:24:57,1669415097650,22659000.0,0.23501239,22738000.0,-79000.0,0,1669415097650000
2022-11-25,22:24:57,1669415097650,22659000.0,0.18486372,22738000.0,-79000.0,0,1669415097650002
2022-11-25,22:24:57,1669415097650,22659000.0,0.02212389,22738000.0,-79000.0,0,1669415097650001
2022-11-25,22:25:01,1669415101494,22659000.0,0.00113106,22738000.0,-79000.0,0,1669415101494000
2022-11-25,22:25:08,1669415108566,22659000.0,0.0698,22738000.0,-79000.0,0,1669415108566000
2022-11-25,22:25:08,1669415108855,22659000.0,0.00220662,22738000.0,-79000.0,0,1669415108855000
2022-11-25,22:25:10,1669415110588,22659000.0,0.04,22738000.0,-79000.0,0,1669415110588000
2022-11-25,22:25:12,1669415112578,22659000.0,0.0116,22738000.0,-79000.0,0,1669415112578000
2022-11-25,22:25:14,1669415114540,22659000.0,0.00882651,22738000.0,-79000.0,0,1669415114540000
2022-11-25,22:25:14,1669415114599,22659000.0,0.0124,22738000.0,-79000.0,0,1669415114599000
2022-11-25,22:25:15,1669415115024,22659000.0,0.60626269,22738000.0,-79000.0,0,1669415115024000
2022-11-25,22:25:20,1669415120807,22659000.0,0.0301,22738000.0,-79000.0,0,1669415120807000
2022-11-25,22:25:22,1669415122497,22654000.0,0.10931315,22738000.0,-84000.0,1,1669415122497000
2022-11-25,22:25:22,1669415122767,22654000.0,0.07073603,22738000.0,-84000.0,0,1669415122767000
2022-11-25,22:25:24,1669415124081,22659000.0,0.056,22738000.0,-79000.0,0,1669415124081000
2022-11-25,22:25:26,1669415126620,22659000.0,0.0122,22738000.0,-79000.0,0,1669415126620000
2022-11-25,22:25:27,1669415127335,22659000.0,0.005,22738000.0,-79000.0,0,1669415127335000
2022-11-25,22:25:28,1669415128019,22659000.0,0.00226525,22738000.0,-79000.0,0,1669415128019000
2022-11-25,22:25:28,1669415128596,22659000.0,0.0755,22738000.0,-79000.0,0,1669415128596000
2022-11-25,22:25:31,1669415131184,22659000.0,0.0242,22738000.0,-79000.0,0,1669415131184000
2022-11-25,22:25:32,1669415132758,22659000.0,0.029,22738000.0,-79000.0,0,1669415132758000
2022-11-25,22:25:33,1669415133192,22659000.0,0.0135,22738000.0,-79000.0,0,1669415133192000
2022-11-25,22:25:35,1669415135198,22659000.0,0.009,22738000.0,-79000.0,0,1669415135198000
2022-11-25,22:25:35,1669415135576,22653000.0,0.0125495,22738000.0,-85000.0,1,1669415135576000
2022-11-25,22:25:35,1669415135576,22653000.0,0.01315537,22738000.0,-85000.0,1,1669415135576001
2022-11-25,22:25:37,1669415137190,22659000.0,0.0133,22738000.0,-79000.0,0,1669415137190000
2022-11-25,22:25:38,1669415138998,22659000.0,0.1,22738000.0,-79000.0,0,1669415138998000
2022-11-25,22:25:39,1669415139040,22659000.0,0.06124697,22738000.0,-79000.0,0,1669415139040002
2022-11-25,22:25:39,1669415139040,22659000.0,0.00218709,22738000.0,-79000.0,0,1669415139040001
2022-11-25,22:25:39,1669415139040,22659000.0,0.18390834,22738000.0,-79000.0,0,1669415139040000
2022-11-25,22:25:39,1669415139086,22659000.0,0.006,22738000.0,-79000.0,0,1669415139086000
2022-11-25,22:25:39,1669415139161,22659000.0,0.03275303,22738000.0,-79000.0,0,1669415139161000
2022-11-25,22:25:39,1669415139196,22663000.0,0.0151,22738000.0,-75000.0,0,1669415139196000
2022-11-25,22:25:40,1669415140205,22663000.0,0.00152958,22738000.0,-75000.0,0,1669415140205000
2022-11-25,22:25:43,1669415143819,22666000.0,0.0366,22738000.0,-72000.0,0,1669415143819000
2022-11-25,22:25:43,1669415143860,22666000.0,0.06213108,22738000.0,-72000.0,0,1669415143860000
2022-11-25,22:25:44,1669415144014,22666000.0,0.01172416,22738000.0,-72000.0,0,1669415144014000
2022-11-25,22:25:48,1669415148333,22668000.0,0.09249366,22738000.0,-70000.0,0,1669415148333000
2022-11-25,22:25:48,1669415148971,22668000.0,0.00935655,22738000.0,-70000.0,1,1669415148971000
2022-11-25,22:25:53,1669415153237,22663000.0,1.019,22738000.0,-75000.0,1,1669415153237002
2022-11-25,22:25:53,1669415153237,22664000.0,0.7133,22738000.0,-74000.0,1,1669415153237001
2022-11-25,22:25:53,1669415153237,22663000.0,0.08824956,22738000.0,-75000.0,1,1669415153237000
2022-11-25,22:25:53,1669415153367,22663000.0,0.2373,22738000.0,-75000.0,0,1669415153367000
2022-11-25,22:25:53,1669415153420,22663000.0,0.07150803,22738000.0,-75000.0,0,1669415153420001
2022-11-25,22:25:53,1669415153420,22663000.0,0.012,22738000.0,-75000.0,0,1669415153420000
2022-11-25,22:25:53,1669415153547,22663000.0,0.09523869,22738000.0,-75000.0,0,1669415153547000
2022-11-25,22:25:53,1669415153710,22680000.0,0.02634865,22738000.0,-58000.0,0,1669415153710000
2022-11-25,22:25:53,1669415153710,22671000.0,0.00065135,22738000.0,-67000.0,0,1669415153710001
2022-11-25,22:26:00,1669415160180,22672000.0,0.1,22738000.0,-66000.0,1,1669415160180000
2022-11-25,22:26:01,1669415161790,22680000.0,0.00276666,22738000.0,-58000.0,0,1669415161790000
2022-11-25,22:26:07,1669415167975,22680000.0,0.26441807,22738000.0,-58000.0,0,1669415167975000
2022-11-25,22:26:08,1669415168116,22680000.0,0.2169,22738000.0,-58000.0,0,1669415168116000
2022-11-25,22:26:08,1669415168213,22680000.0,0.04397,22738000.0,-58000.0,0,1669415168213000
2022-11-25,22:26:12,1669415172304,22680000.0,0.00026014,22738000.0,-58000.0,0,1669415172304000
2022-11-25,22:26:12,1669415172375,22680000.0,0.00026014,22738000.0,-58000.0,0,1669415172375000
2022-11-25,22:26:19,1669415179942,22673000.0,0.04948051,22738000.0,-65000.0,1,1669415179942000
2022-11-25,22:26:24,1669415184454,22680000.0,0.023,22738000.0,-58000.0,0,1669415184454000
2022-11-25,22:26:28,1669415188825,22673000.0,0.00187234,22738000.0,-65000.0,1,1669415188825000
2022-11-25,22:26:34,1669415194042,22673000.0,0.01222391,22738000.0,-65000.0,1,1669415194042000
2022-11-25,22:26:34,1669415194042,22673000.0,0.00044083,22738000.0,-65000.0,1,1669415194042001
2022-11-25,22:26:34,1669415194042,22673000.0,0.87118587,22738000.0,-65000.0,1,1669415194042002
2022-11-25,22:26:39,1669415199028,22680000.0,0.00622476,22738000.0,-58000.0,0,1669415199028000
2022-11-25,22:26:45,1669415205684,22680000.0,0.00090947,22738000.0,-58000.0,0,1669415205684000
2022-11-25,22:26:56,1669415216925,22680000.0,0.176,22738000.0,-58000.0,0,1669415216925000
2022-11-25,22:26:58,1669415218280,22672000.0,0.08407088,22738000.0,-66000.0,1,1669415218280000
2022-11-25,22:27:00,1669415220024,22672000.0,0.00660105,22738000.0,-66000.0,1,1669415220024001
2022-11-25,22:27:00,1669415220024,22672000.0,0.01144763,22738000.0,-66000.0,1,1669415220024000
2022-11-25,22:27:01,1669415221630,22680000.0,0.00847,22738000.0,-58000.0,0,1669415221630000
2022-11-25,22:27:02,1669415222589,22680000.0,0.00847,22738000.0,-58000.0,0,1669415222589000
2022-11-25,22:27:03,1669415223576,22680000.0,0.00847,22738000.0,-58000.0,0,1669415223576000
2022-11-25,22:27:06,1669415226583,22680000.0,0.60675297,22738000.0,-58000.0,0,1669415226583000
2022-11-25,22:27:07,1669415227546,22680000.0,0.00847,22738000.0,-58000.0,0,1669415227546000
2022-11-25,22:27:10,1669415230819,22680000.0,0.01389529,22738000.0,-58000.0,0,1669415230819000
2022-11-25,22:27:12,1669415232938,22680000.0,0.01362321,22738000.0,-58000.0,0,1669415232938000
2022-11-25,22:27:14,1669415234235,22680000.0,0.06890139,22738000.0,-58000.0,0,1669415234235000
2022-11-25,22:27:16,1669415236259,22672000.0,0.02780269,22738000.0,-66000.0,1,1669415236259000
2022-11-25,22:27:18,1669415238767,22680000.0,0.00220458,22738000.0,-58000.0,0,1669415238767000
2022-11-25,22:27:21,1669415241187,22680000.0,0.008,22738000.0,-58000.0,0,1669415241187000
2022-11-25,22:27:23,1669415243562,22680000.0,0.012,22738000.0,-58000.0,0,1669415243562000
2022-11-25,22:27:25,1669415245000,22680000.0,0.006,22738000.0,-58000.0,0,1669415245000000
2022-11-25,22:27:32,1669415252134,22680000.0,0.0775,22738000.0,-58000.0,0,1669415252134000
2022-11-25,22:27:38,1669415258043,22679000.0,0.009,22738000.0,-59000.0,0,1669415258043000
2022-11-25,22:27:41,1669415261289,22679000.0,0.001,22738000.0,-59000.0,0,1669415261289000
2022-11-25,22:27:43,1669415263727,22679000.0,0.007,22738000.0,-59000.0,0,1669415263727000
2022-11-25,22:27:44,1669415264201,22679000.0,0.01398558,22738000.0,-59000.0,0,1669415264201001
2022-11-25,22:27:44,1669415264201,22680000.0,0.19051997,22738000.0,-58000.0,0,1669415264201000
2022-11-25,22:27:48,1669415268025,22680000.0,0.10094353,22738000.0,-58000.0,0,1669415268025002
2022-11-25,22:27:48,1669415268025,22680000.0,0.09705568,22738000.0,-58000.0,0,1669415268025001
2022-11-25,22:27:48,1669415268025,22680000.0,0.01600079,22738000.0,-58000.0,0,1669415268025000
2022-11-25,22:27:53,1669415273732,22680000.0,0.15026314,22738000.0,-58000.0,0,1669415273732000
2022-11-25,22:27:54,1669415274130,22680000.0,0.01,22738000.0,-58000.0,0,1669415274130000
2022-11-25,22:27:58,1669415278562,22680000.0,0.029,22738000.0,-58000.0,0,1669415278562000
2022-11-25,22:28:00,1669415280936,22680000.0,0.0004406,22738000.0,-58000.0,0,1669415280936000
2022-11-25,22:28:03,1669415283278,22680000.0,0.06766497,22738000.0,-58000.0,0,1669415283278000
2022-11-25,22:28:08,1669415288900,22680000.0,0.133,22738000.0,-58000.0,0,1669415288900000
2022-11-25,22:28:10,1669415290677,22680000.0,0.00044091,22738000.0,-58000.0,0,1669415290677000
2022-11-25,22:28:11,1669415291851,22671000.0,0.00176813,22738000.0,-67000.0,1,1669415291851002
2022-11-25,22:28:11,1669415291851,22671000.0,0.001,22738000.0,-67000.0,1,1669415291851001
2022-11-25,22:28:11,1669415291851,22671000.0,0.00044109,22738000.0,-67000.0,1,1669415291851000
2022-11-25,22:28:11,1669415291974,22669000.0,0.0207,22738000.0,-69000.0,0,1669415291974000
2022-11-25,22:28:12,1669415292037,22669000.0,0.01009,22738000.0,-69000.0,0,1669415292037001
2022-11-25,22:28:12,1669415292037,22669000.0,0.00220458,22738000.0,-69000.0,0,1669415292037000
2022-11-25,22:28:12,1669415292332,22669000.0,0.02131,22738000.0,-69000.0,0,1669415292332000
2022-11-25,22:28:13,1669415293009,22669000.0,0.07158651,22738000.0,-69000.0,0,1669415293009000
2022-11-25,22:28:13,1669415293919,22669000.0,0.00542915,22738000.0,-69000.0,0,1669415293919000
2022-11-25,22:28:14,1669415294168,22669000.0,0.01032303,22738000.0,-69000.0,0,1669415294168000
2022-11-25,22:28:14,1669415294267,22669000.0,0.00689565,22738000.0,-69000.0,0,1669415294267000
2022-11-25,22:28:14,1669415294786,22669000.0,0.0226,22738000.0,-69000.0,0,1669415294786000
2022-11-25,22:28:14,1669415294965,22669000.0,0.01488,22738000.0,-69000.0,0,1669415294965000
2022-11-25,22:28:15,1669415295872,22669000.0,0.00684878,22738000.0,-69000.0,0,1669415295872000
2022-11-25,22:28:20,1669415300785,22669000.0,0.0267,22738000.0,-69000.0,0,1669415300785000
2022-11-25,22:28:21,1669415301370,22669000.0,0.03219,22738000.0,-69000.0,0,1669415301370000
2022-11-25,22:28:24,1669415304798,22669000.0,0.0537,22738000.0,-69000.0,0,1669415304798000
2022-11-25,22:28:26,1669415306067,22669000.0,0.0144,22738000.0,-69000.0,0,1669415306067000
2022-11-25,22:28:26,1669415306818,22669000.0,0.0171,22738000.0,-69000.0,0,1669415306818000
2022-11-25,22:28:27,1669415307331,22669000.0,0.00220455,22738000.0,-69000.0,0,1669415307331000
2022-11-25,22:28:28,1669415308808,22669000.0,0.031,22738000.0,-69000.0,0,1669415308808000
2022-11-25,22:28:29,1669415309053,22669000.0,0.056,22738000.0,-69000.0,0,1669415309053000
2022-11-25,22:28:29,1669415309875,22669000.0,0.018,22738000.0,-69000.0,0,1669415309875000
2022-11-25,22:28:30,1669415310328,22669000.0,0.01008858,22738000.0,-69000.0,0,1669415310328000
2022-11-25,22:28:30,1669415310370,22669000.0,0.01013976,22738000.0,-69000.0,0,1669415310370000
2022-11-25,22:28:30,1669415310814,22669000.0,0.015,22738000.0,-69000.0,0,1669415310814000
2022-11-25,22:28:31,1669415311989,22669000.0,0.00796372,22738000.0,-69000.0,0,1669415311989000
2022-11-25,22:28:32,1669415312055,22669000.0,0.035,22738000.0,-69000.0,0,1669415312055001
2022-11-25,22:28:32,1669415312055,22669000.0,0.01867189,22738000.0,-69000.0,0,1669415312055000
2022-11-25,22:28:32,1669415312827,22669000.0,0.0324,22738000.0,-69000.0,0,1669415312827000
2022-11-25,22:28:33,1669415313900,22669000.0,0.133,22738000.0,-69000.0,0,1669415313900000
2022-11-25,22:28:34,1669415314659,22669000.0,0.00550231,22738000.0,-69000.0,0,1669415314659000
2022-11-25,22:28:35,1669415315148,22669000.0,0.01322615,22738000.0,-69000.0,0,1669415315148000
2022-11-25,22:28:35,1669415315447,22669000.0,0.00892298,22738000.0,-69000.0,0,1669415315447000
2022-11-25,22:28:35,1669415315575,22669000.0,0.01924722,22738000.0,-69000.0,0,1669415315575000
2022-11-25,22:28:37,1669415317069,22669000.0,0.0083674,22738000.0,-69000.0,0,1669415317069000
2022-11-25,22:28:37,1669415317517,22669000.0,0.006,22738000.0,-69000.0,0,1669415317517000
2022-11-25,22:28:38,1669415318139,22669000.0,0.0323,22738000.0,-69000.0,0,1669415318139000
2022-11-25,22:28:38,1669415318991,22680000.0,0.09934974,22738000.0,-58000.0,0,1669415318991001
2022-11-25,22:28:38,1669415318991,22669000.0,0.01065026,22738000.0,-69000.0,0,1669415318991000
2022-11-25,22:28:46,1669415326146,22680000.0,0.04404762,22738000.0,-58000.0,0,1669415326146000
2022-11-25,22:28:48,1669415328592,22669000.0,0.00024262,22738000.0,-69000.0,0,1669415328592000
2022-11-25,22:28:56,1669415336660,22666000.0,0.00408177,22738000.0,-72000.0,1,1669415336660000
2022-11-25,22:29:01,1669415341215,22669000.0,0.00054232,22738000.0,-69000.0,0,1669415341215000
2022-11-25,22:29:01,1669415341215,22680000.0,0.01145768,22738000.0,-58000.0,0,1669415341215001
2022-11-25,22:29:05,1669415345328,22680000.0,0.00066137,22738000.0,-58000.0,0,1669415345328000
2022-11-25,22:29:12,1669415352982,22680000.0,0.012,22738000.0,-58000.0,0,1669415352982000
2022-11-25,22:29:30,1669415370186,22680000.0,0.00026455,22738000.0,-58000.0,0,1669415370186000
2022-11-25,22:29:30,1669415370456,22680000.0,0.04409171,22738000.0,-58000.0,0,1669415370456000
2022-11-25,22:29:31,1669415371463,22680000.0,0.00880953,22738000.0,-58000.0,0,1669415371463000
2022-11-25,22:29:32,1669415372671,22680000.0,0.016,22738000.0,-58000.0,0,1669415372671000
2022-11-25,22:29:41,1669415381788,22680000.0,0.023,22738000.0,-58000.0,0,1669415381788000
2022-11-25,22:29:50,1669415390433,22666000.0,0.00031833,22738000.0,-72000.0,1,1669415390433000
2022-11-25,22:29:50,1669415390625,22679000.0,0.023,22738000.0,-59000.0,0,1669415390625000
2022-11-25,22:29:53,1669415393604,22679000.0,0.00440477,22738000.0,-59000.0,0,1669415393604000
2022-11-25,22:29:55,1669415395698,22679000.0,0.00880953,22738000.0,-59000.0,0,1669415395698000
2022-11-25,22:29:56,1669415396595,22679000.0,0.096,22738000.0,-59000.0,0,1669415396595000
